3017 5042
291 457 1484 481 mmm-mmmmm*
1490 461 1575 479 ”¹5
1582 461 1769 481 mm
1776 462 2435 484 mmmmm

291 765 1466 900 LECTORIBUS
1546 771 2437 904 ERUDITIS

1167 1026 1248 1106 S.
1305 1029 1391 1106 P.
1450 1029 1546 1106 D.

748 1196 889 1360 N}
966 1255 1089 1359 E.
1170 1256 1933 1364 LEMAIRE.-

295 1616 512 1736 ΤΑΝ
529 1685 633 1731 DE
649 1683 710 1729 M
734 1659 910 1728 hanc
931 1670 1231 1726 nostram
1251 1658 1328 1724 C.
1357 1659 1414 1725 J.
1437 1657 1719 1728 Caesaris
1740 1657 2102 1732 editionem
2127 1663 2212 1732 ad
2238 1663 2443 1736 finem

293 1783 600 1865 optatum
645 1791 767 1862 per
816 1764 1164 1833 diuturnas
1218 1759 1751 1834 elucubrationes
1798 1780 1867 1836 et
1911 1766 2171 1839 labores
2230 1775 2443 1842 omni-

295 1877 529 1946 modos
569 1873 1021 1970 perduximus.
1061 1869 1172 1958 Si,
1211 1894 1412 1964 quem
1441 1873 1967 1964 praenuntiatum
2003 1875 2257 1946 vidistis
2293 1896 2449 1975 post

295 1983 754 2078 praefationem
803 1978 1005 2074 primi
1054 1975 1409 2046 voluminis
1459 2001 1614 2074 pag.
1668 2002 1816 2048 xxv
1832 2032 1851 2068 ,
1904 1980 1960 2048 is
2006 2006 2233 2052 rerum
2275 1987 2444 2058 ordo

297 2088 633 2184 paulisper
675 2088 1063 2156 immutatus
1107 2083 1268 2172 fuit,
1308 2081 1541 2153 saltem
1572 2086 1642 2152 in
1687 2084 2018 2156 deteriora
2054 2114 2445 2184 perversum

299 2197 773 2292 promissisque
822 2191 1204 2262 fraudatum
1255 2214 1392 2258 non
1435 2192 1781 2262 invenietis
1823 2219 1838 2261 :
1896 2195 2103 2264 immo
2144 2195 2447 2292 pluribus

301 2301 792 2399 supplementis
819 2313 1132 2367 notarum
1169 2311 1237 2367 et
1271 2297 1462 2366 novis
1502 2299 1887 2369 excursibus
1934 2301 2409 2398 amplificatum
2428 2361 2448 2395 ‚

303 2411 355 2480 si
384 2436 523 2478 non
555 2409 873 2492 ditatum,
905 2427 1266 2502 agnoscere
1301 2401 1524 2473 licebit
1550 2430 1564 2472 ε
1607 2406 1722 2498 qui
1748 2405 2017 2500 quidem
2047 2423 2338 2481 tractant
2364 2413 2447 2482 de

303 2532 604 2586 veterum
632 2515 939 2610 navigiis;
979 2513 1061 2581 de
1097 2512 1284 2580 vario
1316 2514 1625 2606 pontiu-m
1661 2536 1902 2607 genere
1935 2515 2175 2609 quibus
2210 2517 2447 2589 fluvios

305 2625 720 2718 trajecerint3
765 2621 848 2691 de
893 2635 1184 2715 quatuor
1221 2615 1461 2712 praeliis
1499 2618 1869 2712 insignibus
1914 2621 2000 2690 ad
2044 2623 2447 2719 Ruspinam,

305 2732 574 2799 Uzitam
593 2783 612 2818 ‚
646 2729 986 2824 Thapsum
1011 2780 1032 2814 ‚
1073 2722 1549 2812 et.‚Mundam;
1590 2723 1673 2792 de
1718 2724 2088 2795 Galliarum
2129 2729 2451 2800 divisione

309 2851 374 2906 et
411 2837 701 2931 antiquis
757 2834 1074 2922 urbihuS,
1124 2846 1250 2902 etc.
1300 2829 1517 2902 Indici
1557 2832 2041 2929 geographico,
2086 2833 2451 2930 plurimum

310 2943 630 3013 desudato
649 2997 670 3031 ‚
711 2941 900 3035 cujus
947 2937 1529 3042 praemonitionem·
1547 2937 1799 3018 ,·.videte
1842 2939 2018 3010 infra
2055 2965 2205 3038 pag.
2264 2967 2292 3014 1
2308 2943 2411 3015 66
2432 2999 2453 3035 ‚

306 3075 455 3146 quae
497 3073 840 3119 morarum
888 3061 1267 3118 nostrarum
1287 3039 1295 3049 ’
1318 3056 1550 3114 causas
1602 3058 1671 3114 et
1712 3048 2167 3119 excusationes
2218 3051 2455 3142 habet,

313 3159 635 3253 Mappam
669 3153 992 3250 Agendici
1033 3151 1493 3246 subjunximus
1509 3204 1529 3239 ‚
1573 3165 1651 3221 ut
1683 3170 2080 3248 argumenta
2118 3158 2454 3253 conjectu-

309 3287 552 3358 rasque
589 3262 671 3332 de
709 3263 839 3332 hac
879 3261 1045 3329 urbe
1091 3258 1320 3330 allatas
1355 3255 1485 3327 vol.
1524 3260 1591 3346 I,
1626 3281 1777 3354 pag.
1820 3263 1963 3356 471
1992 3315 2012 3349 ‚
2058 3263 2256 3332 rebus
2294 3265 2455 3360 ipsis

316 3369 624 3464 factoque
690 3367 1274 3462 comprobaremus
1291 3419 1312 3449 ‚
1364 3363 1667 3459 illiusque
1723 3368 1980 3436 auctori
1996 3366 2015 3391 ¹
2074 3369 2453 3442 doctissimo

319 3476 560 3570 gratias
597 3499 942 3570 ageremus
978 3471 1428 3568 amplissimas.

422 3577 652 3653 Nobis⁸
677 3580 1058 3676 aliquandiu
1098 3604 1283 3648 mens
1325 3577 1543 3647 fuerat
1586 3577 1721 3648 duo
1758 3580 2039 3650 Caesaris
2084 3597 2301 3652 castra
2341 3584 2453 3655 de-

319 3690 605 3759 scribere
649 3703 718 3757 et
760 3689 940 3756 aereis
984 3683 1226 3756 tabulis
1270 3683 1549 3770 caelare3
1595 3685 1711 3754 sed
1752 3688 2065 3756 attentius
2109 3713 2251 3756 rem
2294 3715 2454 3784 per-

265 3845 274 3852 ·
321 3797 682 3890 pendentes
722 3794 1016 3888 sumptui
1057 3792 1464 3888 parcendum
1509 3793 1920 3880 censuimus,
1964 3819 2171 3888 quum
2206 3793 2345 3888 jam
2387 3799 2455 3866 in

323 3902 615 3972 secundo
642 3901 841 3994 hujus
863 3899 1166 3969 editionis
1193 3911 1378 3966 tomo
1394 3952 1413 3984 ‚
1443 3923 1592 3992 pag.
1627 3895 1803 3993 275,
1830 3913 2200 3969 castrorum
2229 3928 2456 3973 roma-

322 4034 562 4078 norum
605 4006 868 4076 fidelem
906 4006 1314 4076 Iconismum
1359 4029 1439 4072 ex
1467 3995 1752 4098 'Polybio
1792 4006 2152 4102 Lipsioque
2192 4009 2453 4080 desum-

409 4229 458 4262 1.
490 4209 567 4262 Μ.
599 4207 785 4278 Opoix
803 4245 820 4273 ,
845 4210 1107 4277 inspectent·
1131 4204 1213 4256 des
1239 4221 1361 4255 eam:
1388 4203 1636 4256 mine'rales
1662 4203 1722 4254 de
1749 4204 1970 4259 Provins.
