3017 5042
672 449 824 536 304
1576 442 1922 510 INDEX

669 607 823 651 nem
870 577 1260 649 Ptolemaeus
1303 574 1578 644 exhibet
1597 627 1616 661 ,
1652 572 1770 642 sed
1814 596 2127 668 magnam
2172 573 2525 646 Thessaliae
2558 594 2813 672 partem

590 693 596 698 ’
668 689 869 758 addit.
917 683 1334 755 Macedoniae
1370 694 1594 777 partes
1624 681 1970 749 interiores
2003 703 2243 776 parum
2276 681 2387 751 vel
2409 687 2669 754 nostris
2706 687 2815 757 die-

664 797 790 864 bus
817 807 1186 864 noscuntur
1212 805 1280 859 et
1305 812 1524 884 pauca
1547 788 1899 881 praeteritae
1924 787 2067 881 ejus
2096 789 2567 883 magnitudinis
2594 818 2815 862 monu-

663 915 888 972 menta
913 921 1256 995 superesse
1280 895 1631 981 videntur3
1656 909 1969 974 caeterum
1988 896 2059 962 in
2084 909 2241 964 octo
2259 920 2535 992 magnas
2558 915 2812 994 partes,

665 1011 758 1079 ita
787 1007 1210 1077 dividebatur
1247 1027 1335 1072 sc.
1374 1004 1446 1072 in
1477 1002 1809 1071 Paeoniam
1826 1055 1845 1090 ,
1876 1003 2195 1071 Sinticam
2215 1056 2235 1091 ,
2264 1005 2600 1074 Bessicam
2616 1059 2638 1096 ,
2674 1009 2809 1102 My-

665 1115 973 1185 cdoniam
989 1167 1010 1202 ,
1033 1108 1506 1206 Chalcydicam
1520 1163 1540 1198 ,
1558 1109 1995 1194 AEmathiam,
2009 1111 2391 1204 Lyncestim
2422 1125 2490 1180 et
2512 1114 2808 1184 Pieriam.

662 1223 1035 1317 Praecipuas
1079 1219 1279 1288 urbes
1320 1215 1611 1285 hahebat
1653 1214 2047 1284 Heracleam
2094 1217 2395 1286 sinticam
2419 1271 2438 1306 ,
2473 1218 2807 1316 Philippo-

661 1327 868 1424 polim
891 1381 911 1416 ,
950 1327 1270 1396 Edessam
1289 1377 1310 1412 ,
1351 1321 1601 1392 Pellam
1620 1376 1640 1410 ,
1695 1321 2150 1417 Amphipolim
2174 1377 2194 1412 ,
2227 1324 2809 1416 Thessalonicam,

661 1433 1147 1521 Chalcidicam,
1175 1430 1549 1525 Olynthum
1566 1483 1587 1518 ,
1609 1428 1909 1526 Pydnam
1925 1483 1945 1518 ,
1970 1429 2399 1521 Haliacmon,
2423 1433 2633 1502 Dium
2653 1488 2673 1523 ,
2694 1450 2803 1504 etc.

659 1542 966 1611 Flumina
1012 1538 1405 1609 Haliacmon
1426 1591 1445 1625 ,
1479 1537 1809 1632 Erigona,
1844 1537 2087 1606 Axium
2108 1589 2126 1624 ,
2164 1539 2519 1632 Strymona
2554 1555 2633 1609 et
2674 1544 2805 1613 Ne-

659 1663 833 1718 stum
861 1675 878 1718 2
904 1662 1221 1718 montana
1242 1646 1387 1714 haec
1415 1645 1601 1738 regio
1622 1657 1797 1733 erat3
1814 1657 2076 1713 montes
2104 1668 2267 1713 vero
2289 1647 2803 1741 praecipui-Rho·

657 1756 833 1851 dope
855 1809 876 1845 ,
919 1759 1240 1849 Pangaeus
1258 1807 1278 1842 ,
1311 1765 1379 1822 et
1419 1749 1529 1819 alii
1571 1754 1879 1821 minores.
1924 1751 2325 1822 Macedonia
2344 1805 2364 1842 ,
2409 1753 2610 1822 hodie
2658 1780 2801 1850 pars

655 1863 916 1958 imperii
954 1860 1187 1931 turcici
1203 1914 1224 1949 ,
1247 1860 1490 1930 dicitur
1518 1859 1841 1946 Iambolc',
1876 1858 2191 1952 adjuncta
2219 1859 2795 1955 Comenopolitari.

765 1973 1213 2039 MACEDONIA
1243 1966 1462 2036 libera
1488 1957 1607 2054 (B.
1631 1968 1707 2035 C.
1736 1963 1776 2033 l.
1806 1989 1929 2052 111,
1948 1988 2093 2059 cap.
2125 1958 2271 2055 34).
2302 1968 2411 2035 De
2438 1990 2516 2035 ea
2542 1968 2701 2037 vide
2724 1968 2795 2036 ad

657 2076 880 2147 locum
905 2077 1180 2146 citatum
1210 2086 1454 2142 nostrae
1485 2072 1835 2160 editioniS,
1863 2084 2022 2139 tom.
2050 2094 2143 2160 Π,
2170 2097 2235 2166 p.
2278 2070 2466 2162 236,
2498 2088 2641 2143 not.
2680 2101 2741 2144 2.

760 2185 1209 2252 MACEDONES
1249 2172 1370 2267 (Β.
1403 2179 1484 2246 C.
1515 2178 1555 2246 l.
1595 2193 1726 2265 111⁴,
1764 2203 1820 2247 c.
1858 2180 1926 2262 4.
1952 2169 1997 2265 ).
2033 2178 2209 2247 Vide
2246 2203 2449 2274 supra
2480 2181 2791 2251 Macedo-

601 2292 609 2298 ’
651 2291 850 2359 niam.
896 2286 1305 2356 Macedones
1341 2307 1480 2353 non
1520 2285 1817 2378 ejusdem
1862 2285 2139 2380 originis
2170 2309 2249 2354 ae
2287 2300 2562 2357 caeteros
2607 2291 2791 2358 Grae-

651 2422 804 2481 cos,
840 2394 956 2465 sed
990 2393 1292 2476 Thracos
1331 2391 1531 2460 fuisse
1570 2405 1849 2486 apparet
1884 2417 1900 2460 :
1941 2405 2097 2460 ante
2134 2390 2423 2487 Philippi
2458 2409 2789 2489 tempora,

650 2528 765 2573 eos
795 2501 1128 2572 Barbaros
1163 2497 1591 2594 appellabant
1633 2499 1851 2569 Graeci
1874 2551 1893 2585 ‚
1931 2498 2111 2592 quod
2148 2513 2332 2593 patet
2368 2524 2453 2569 ex
2486 2501 2635 2596 ipso
2663 2505 2788 2572 De·

649 2610 998 2680 mosthene
1051 2605 1166 2702 qui
1213 2603 1623 2675 Macedonas
1680 2604 1862 2673 haud
1908 2602 2101 2674 aliter
2158 2605 2464 2701 designat
2502 2633 2518 2676 ε
2569 2623 2789 2704 postea

650 2718 905 2789 Graecis
947 2713 1260 2784 accensiti
1317 2726 1493 2782 sunt.
1543 2710 2005 2782 Nihilominus
2058 2713 2129 2780 in
2179 2711 2499 2784 divisione
2541 2715 2788 2810 imperii

647 2825 908 2893 romani
961 2833 1392 2916 separantur3
1433 2818 1834 2888 Macedonia
1882 2817 2058 2887 enim
2106 2819 2457 2918 provincia
2500 2809 2679 2911 erat,
2726 2835 2787 2891 et

644 2931 927 3017 Achaia,
968 2928 1092 2997 sub
1137 2926 1327 3019 cujus
1375 2926 1648 2995 nomine
1699 2924 2288 3019 comprehenditur
2338 2929 2559 3020 omnis
2612 2931 2781 3023 regio

647 3061 794 3131 quae
833 3061 872 3104 a
910 3033 1308 3104 Macedonia
1342 3034 1575 3127 incipit
1619 3047 1687 3101 et
1730 3033 1951 3126 pergit
1986 3031 2331 3101 meridiem
2366 3059 2538 3105 vers.
2582 3060 2779 3130 usque

643 3143 729 3213 ad
757 3165 942 3212 mare
973 3141 1350 3229 Creticum,
1385 3139 1514 3209 alia
1550 3153 1713 3208 erat.

751 3250 1242 3319 MAGETOBRIA
1279 3237 1404 3332 (B.
1439 3249 1522 3316 G.
1555 3244 1768 3333 lib.-1,
1810 3270 1955 3341 cap.
1989 3244 2077 3316 31
2115 3239 2162 3335 ).
2208 3248 2407 3318 Circa
2442 3247 2575 3344 47⁰
2602 3247 2645 3336 {—
2670 3247 2770 3317 lat.

646 3354 720 3426 3⁰
755 3354 932 3450 long.
970 3353 1178 3422 Aliter
1211 3352 1388 3422 dicta
1419 3353 1929 3448 Amagetobria
1944 3407 1967 3440 ,
2008 3351 2114 3421 vel
2156 3354 2719 3449 Admagetobria.

748 3465 920 3532 Sunt
943 3462 1059 3556 qui
1087 3460 1309 3530 locum
1339 3459 1588 3554 oppido
1605 3461 1712 3529 isti
1732 3485 1944 3554 prope
1962 3461 2244 3555 Bingam
2259 3514 2279 3550 ,
2298 3461 2473 3531 infra
2494 3465 2767 3557 Mogun-

637 3571 794 3640 tiam
829 3570 1166 3663 assignent
1185 3621 1206 3654 ,
1241 3567 1424 3635 ducti
1454 3566 1756 3636 versibus
1792 3567 1951 3636 Ans·
1989 3569 2062 3635 in
2096 3569 2268 3636 Mos,
2308 3593 2479 3638 vers.
2526 3593 2588 3659 1,
2612 3592 2763 3661 seq.:

949 3731 1317 3792 Transieram
1352 3731 1599 3789 celerem
1632 3729 1915 3790 nebuloso
1944 3731 2181 3790 flumine
2212 3737 2437 3794 Navam
2460 3778 2477 3808 ,

947 3829 1168 3888 Addita
1199 3829 1440 3886 miratus
1473 3829 1659 3887 veteri
1690 3850 1846 3887 nova
1877 3829 2088 3888 moenia
2119 3831 2249 3888 vico
2272 3874 2289 3902 ,

948 3927 1224 4005 AEquavit
1253 3926 1418 3984 latias
1449 3925 1553 3984 ubi
1584 3927 1881 4004 quondam
1926 3928 2115 3988 Gallia
2147 3933 2389 3988 Cannas.

735 4097 862 4172 Alii
909 4059 1068 4166 cum
1123 4077 1462 4167 chiffletio'
1517 4101 1584 4167 in
1626 4102 2042 4170 Vesuntione
2071 4156 2090 4185 ‚
2140 4126 2291 4197 pag.
2342 4128 2367 4172 1
2392 4157 2412 4191 ‚
2456 4129 2593 4199 cap.
2638 4097 2755 4186 35,
