3017 5042
832 437 1697 504 GEOGRAPHICUS.
2185 435 2334 513 383

218 583 487 662 petunt,
526 581 596 636 et
610 619 631 656 ,
674 568 977 636 collectis
1016 591 1155 636 non
1192 570 1487 663 amplius
1508 571 1572 637 V
1593 567 1886 641 millibus
1905 576 2336 666 provinciam

203 689 432 770 petere
464 697 609 742 una
642 675 1131 744 constituerunt
1162 666 1335 769 (cap.
1377 667 1524 763 30).
1561 675 1878 745 Caninius
1910 675 2163 771 legatus
2187 703 2337 748 cum

216 779 583 875 legionibus
634 782 703 849 II
761 779 867 850 ad
921 803 1040 850 eos
1086 781 1602 876 persequendos
1660 781 2014 852 contendit
2030 837 2052 870 ,
2120 807 2210 852 ne
2255 785 2342 853 de

217 893 443 957 timore
480 901 613 956 aut
646 885 1047 956 detrimento
1070 891 1453 982 provinciae
1483 911 1744 983 magna
1781 889 2079 981 infizmia
2097 891 2340 985 perdi·

216 1009 423 1066 totum
462 993 805 1062 hommum
848 993 1229 1066 latrociniis
1278 1010 1640 1088 caperetur
1683 987 1951 1083 (ihid.);
2003 996 2112 1064 hic
2157 1011 2338 1065 ante-

216 1123 405 1192 quam
442 1097 703 1192 longius
746 1098 1134 1192 progrediar
1148 1149 1169 1186 ‚
1203 1099 1560 1168 observare
1599 1098 1792 1170 liceat
1827 1103 2236 1196 Drappetem
2277 1118 2343 1171 et

218 1205 594 1278 Lucterium
614 1255 635 1292 ,
683 1224 819 1274 non
862 1207 933 1272 ΙΙ
978 1204 1179 1274 millia
1220 1207 1566 1277 hominum
1587 1260 1608 1293 ,
1650 1221 1728 1275 ut
1770 1206 1916 1276 vult
1958 1209 2062 1275 vir
2105 1208 2341 1278 doctus

222 1311 689 1406 champollion
744 1314 1008 1404 Figeac
1027 1361 1046 1396 ,
1118 1311 1233 1383 sed
1281 1313 1345 1379 V
1397 1311 1600 1382 millia
1616 1363 1639 1400 ‚
1693 1327 1771 1380 ut
1824 1313 2074 1386 habent
2148 1315 2338 1384 codd.

216 1440 419 1512 prope
446 1441 711 1504 omne-3,
738 1431 807 1485 et
835 1417 987 1486 edit.
1020 1418 1273 1512 priscae,
1304 1441 1530 1486 secum
1562 1419 1870 1507 traxisse3
1895 1443 2096 1514 quam
2120 1442 2338 1490 emen·

216 1522 545 1600 dationem
577 1523 947 1618 recepimus
970 1525 1045 1590 in
1074 1523 1203 1592 hac
1236 1522 1425 1608 edit„
1452 1523 1586 1592 vid.
1618 1527 1691 1592 T.
1721 1526 1778 1611 1,
1806 1550 1870 1619 p.
1895 1524 2076 1613 433,
2103 1539 2238 1604 not.
2275 1526 2342 1613 5,

114 1657 119 1662 ·
216 1644 275 1698 et
327 1654 411 1706 ,ea
466 1630 965 1722 circumstantia
1014 1631 1237 1722 magni
1289 1631 1417 1698 erit
1466 1631 1790 1698 momenti
1843 1631 1929 1700 ad
1980 1632 2304 1702 fulcienda
2325 1685 2345 1721 ‚

216 1759 353 1830 quae
392 1759 555 1806 mox
592 1749 953 1829 sequentur
976 1788 995 1821 ,
1038 1749 1447 1828 argumenta.
1496 1737 1587 1804 At
1621 1737 1948 1832 Drappes
1989 1753 2056 1806 et
2096 1743 2344 1808 Lacte·-

214 1847 383 1928 rius,
424 1866 631 1936 quum
674 1843 975 1936 legiones
1017 1843 1507 1934 Caniniumque
1534 1841 1781 1910 adesse
1821 1863 2342 1938 cognoscerent,

212 1972 334 2021 nec
384 1973 461 2016 se
500 1952 649 2020 sine
692 1963 885 2016 certa
921 1952 1235 2043 pernicie
1250 1999 1265 2016 .
1282 1999 1297 2016 .
1317 1999 1331 2016 .
1376 1963 1720 2042 putarent
1756 1955 2130 2044 provincias
2150 1953 2349 2044 fines

216 2059 473 2126 meram
500 2078 711 2150 posse
752 2047 856 2143 (id
892 2076 1157 2147 quoque
1192 2053 1853 2124 animadvertendum
1891 2048 2058 2144 est),
2091 2063 2348 2126 consis-
2418 2137 2421 2143 1

216 2171 366 2234 tunt
414 2166 487 2230 in
546 2166 739 2254 agris
784 2159 1271 2232 Cadio-corum.
1330 2163 1418 2228 Et
1466 2162 1820 2230 Lucterius
1837 2214 1856 2249 ‚
1903 2163 2018 2256 qui
2062 2162 2346 2231 multum

216 2267 393 2362 apud
430 2291 586 2336 suos
622 2257 1043 2360 (Cadurcos)
1082 2266 1351 2336 valebat
1367 2319 1387 2352 ,
1428 2267 1754 2363 oppidum
1793 2269 2294 2352 Uxellodunum
2321 2326 2340 2356 ,

214 2373 407 2466 quod
439 2378 512 2440 in
555 2373 870 2462 clientela
888 2373 1148 2462 ficerat
1181 2373 1329 2464 elus
1350 2425 1363 2439 .
1388 2424 1403 2438 .
1422 2426 1437 2439 .
1482 2389 1786 2468 occupat
1819 2380 1962 2443 suis
1997 2393 2070 2444 et
2113 2379 2345 2471 Drap«

208 2485 388 2574 petis
440 2483 657 2574 copiis
705 2470 888 2565 (scil.
934 2481 993 2546 V
1034 2476 1195 2546 mill.
1240 2503 1378 2546 non
1429 2481 1497 2546 II
1517 2471 1545 2564 )
1561 2531 1582 2563 ,
1647 2481 2170 2576 oppidanosque
2219 2483 2356 2552 sibi

213 2585 565 2679 conjungit
602 2577 779 2679 (cap.
816 2575 963 2671 32).
1012 2585 1165 2676 Quo
1199 2608 1404 2677 quum
1438 2589 1738 2653 ‘vertisset
1770 2589 2098 2656 Caninius
2127 2594 2347 2656 anim-

215 2693 725 2784 adverteretque
758 2715 992 2758 omnes
1026 2690 1268 2786 oppidi
1279 2705 1531 2784 partes
1555 2697 1936 2786 praeruptis
1969 2698 2168 2762 saxis
2201 2719 2351 2761 esse

88 2830 93 2836 ·
212 2803 514 2868 munitas
527 2850 548 2882 ,
588 2822 724 2892 quo
742 2851 761 2880 ,
810 2796 1219 2886 defendente
1246 2798 1469 2884 nullo,
1506 2812 1738 2866 tamen
1771 2806 2068 2867 armatis
2107 2822 2346 2868 ascen-

212 2905 375 2974 cbere
404 2919 588 2974 esset
618 2903 903 2997 dffcile
916 2955 930 2970 .
951 2955 965 2970 .
986 2954 1032 2969 ..
1070 2907 1413 2998 tripartito
1444 2903 1834 2972 cohortibus
1865 2904 2094 2975 divisis
2107 2958 2128 2990 ,
2165 2911 2351 2974 trina

214 3012 675 3082 excelsissimo
706 3013 856 3096 loco
884 3024 1122 3076 castra
1126 3009 1321 3098 ficit
1328 3063 1349 3096 ,
1384 3033 1433 3077 a
1453 3008 1698 3102 quibus
1715 3013 2094 3106 paulatim,
2127 3035 2347 3106 quam

212 3133 358 3188 tum
380 3122 605 3212 copioe
612 3115 1089 3211 patiebantur,
1112 3115 1373 3184 vallum
1392 3121 1463 3184 in
1478 3115 1723 3211 oppidi
1737 3122 2086 3187 cir-ctutum
2111 3119 2352 3188 ducere

214 3228 541 3308 instituit,
576 3247 722 3317 cap.
752 3220 871 3292 33.
912 3223 1067 3310 Qua
1104 3245 1179 3289 re
1218 3223 1517 3316 cognita,
1560 3224 1908 3292 Lucterius
1943 3240 2010 3292 et
2039 3228 2348 3320 Drappes

214 3327 495 3400 consilio
555 3328 1043 3398 communicato
1066 3381 1088 3414 ‚
1140 3327 1536 3422 duobusque
1589 3327 1882 3398 millibus
1927 3349 2350 3400 armatorum

214 3437 505 3522 relictis,
542 3437 839 3528 reliquos
854 3457 965 3504 ea)
996 3435 1251 3530 oppido
1280 3435 1605 3522 educunt,
1655 3434 1760 3504 ad
1765 3435 2348 3525 fiumentandum

213 3533 401 3636 (cap.
438 3534 593 3628 34).
623 3543 1007 3634 Sequuntur
1033 3542 1391 3636 Drappetis
1426 3542 1495 3610 et
1529 3543 1820 3610 Lucterii
1855 3542 2065 3614 ambae
2097 3543 2347 3631 clades,

218 3662 375 3742 post
398 3671 563 3740 quas
584 3647 935 3721 Lucterius
962 3646 1141 3740 apud
1162 3649 1497 3716 Arvernos
1529 3646 1698 3744 fugit
1725 3641 1906 3742 (cap.
1941 3641 2109 3736 44),
2141 3653 2352 3744 Drap*

218 3779 339 3848 pes
376 3776 537 3822 vero
580 3752 839 3846 capitur
878 3744 1058 3846 (cap.
1084 3748 1186 3822 35
1205 3805 1225 3839 ,
1260 3744 1415 3839 36).
1462 3756 1816 3840 Caninius,
1831 3755 2244 3845 filicissime
2278 3779 2353 3824 re

210 3875 447 3954 gesta,
464 3859 569 3928 ad
581 3858 991 3928 ,obsidendos
1010 3858 1399 3953 oppidanos
1421 3865 1793 3928 revertitur.
1817 3913 1829 3927 .
1849 3913 1890 3928 ..
1919 3866 2108 3932 venit
2117 3863 2350 3931 eodem

215 3991 374 4036 cum
401 3969 545 4034 suis
570 3970 783 4060 copiis
794 3980 1081 4060 postero
1110 3965 1217 4032 die
1252 3967 1321 4035 C.
1351 3964 1643 4051 Fabius,
1671 3983 2082 4062 partemque
2113 3969 2358 4064 oppidi

216 4076 425 4142 statuit
451 4073 555 4144 ad
574 4071 1011 4144 obsidendum
1046 4063 1221 4167 (cap.
1258 4064 1411 4172 37).
1448 4073 1702 4155 Caesar,
1750 4073 1949 4148 {iteris
1976 4077 2236 4148 Caninii
2271 4075 2352 4143 dn
