<?xml version="1.0" encoding="UTF-8"?>
<!DOCTYPE html PUBLIC "-//W3C//DTD XHTML 1.0 Transitional//EN"
    "http://www.w3.org/TR/xhtml1/DTD/xhtml1-transitional.dtd">
<html xmlns="http://www.w3.org/1999/xhtml" xml:lang="en" lang="en">
 <head>
  <title>
</title>
<meta http-equiv="Content-Type" content="text/html;charset=utf-8" />
  <meta name='ocr-system' content='tesseract 3.04.00' />
  <meta name='ocr-capabilities' content='ocr_page ocr_carea ocr_par ocr_line ocrx_word'/>
</head>
<body>
  <div class='ocr_page' id='page_1' title='image "./caiusjuliuscsar01unkngoog/caiusjuliuscsar01unkngoog_0375.png"; bbox 0 0 3017 5042; ppageno 0'>
   <div class='ocr_carea' id='block_1_1' title="bbox 666 378 1920 490">
    <p class='ocr_par' dir='ltr' id='par_1_1' title="bbox 666 378 1920 490">
     <span class='ocr_line' id='line_1_1' title="bbox 666 378 1920 490; baseline -0.005 0"><span class='ocrx_word' id='word_1_1' title='bbox 666 418 818 490; x_wconf 78' lang='lat'><strong>366</strong></span> <span class='ocrx_word' id='word_1_2' title='bbox 1056 378 1061 386; x_wconf 69' lang='grc'><strong>’</strong></span> <span class='ocrx_word' id='word_1_3' title='bbox 1564 415 1920 485; x_wconf 81' lang='lat' dir='ltr'><strong>INDEX</strong></span> 
     </span>
    </p>
   </div>
   <div class='ocr_carea' id='block_1_2' title="bbox 642 547 2826 4157">
    <p class='ocr_par' dir='ltr' id='par_1_2' title="bbox 662 547 2826 2533">
     <span class='ocr_line' id='line_1_2' title="bbox 664 547 2824 644; baseline -0.001 -23"><span class='ocrx_word' id='word_1_4' title='bbox 664 567 979 621; x_wconf 89' lang='lat' dir='ltr'><strong>montem.</strong></span> <span class='ocrx_word' id='word_1_5' title='bbox 1022 550 1243 618; x_wconf 83' lang='lat' dir='ltr'><strong>Habet</strong></span> <span class='ocrx_word' id='word_1_6' title='bbox 1284 549 1521 616; x_wconf 91' lang='lat' dir='ltr'><strong>urbem</strong></span> <span class='ocrx_word' id='word_1_7' title='bbox 1568 551 1975 644; x_wconf 83' lang='lat' dir='ltr'><strong>praecipuam</strong></span> <span class='ocrx_word' id='word_1_8' title='bbox 2019 547 2392 644; x_wconf 87' lang='lat' dir='ltr'><strong>Larissam,</strong></span> <span class='ocrx_word' id='word_1_9' title='bbox 2432 571 2588 642; x_wconf 79' lang='lat' dir='ltr'><strong>quae</strong></span> <span class='ocrx_word' id='word_1_10' title='bbox 2623 551 2824 618; x_wconf 86' lang='lat' dir='ltr'><strong>etiam</strong></span> 
     </span>
     <span class='ocr_line' id='line_1_3' title="bbox 663 655 2826 750; baseline -0.001 -24"><span class='ocrx_word' id='word_1_11' title='bbox 663 683 844 726; x_wconf 93' lang='lat' dir='ltr'><strong>nunc</strong></span> <span class='ocrx_word' id='word_1_12' title='bbox 874 679 1067 750; x_wconf 88' lang='lat' dir='ltr'><strong>suum</strong></span> <span class='ocrx_word' id='word_1_13' title='bbox 1096 669 1317 725; x_wconf 87' lang='lat' dir='ltr'><strong>servat</strong></span> <span class='ocrx_word' id='word_1_14' title='bbox 1342 681 1608 724; x_wconf 90' lang='lat' dir='ltr'><strong>nomen.</strong></span> <span class='ocrx_word' id='word_1_15' title='bbox 1636 658 1716 722; x_wconf 93' lang='lat' dir='ltr'><strong>In</strong></span> <span class='ocrx_word' id='word_1_16' title='bbox 1741 669 2030 748; x_wconf 89' lang='lat' dir='ltr'><strong>quatuor</strong></span> <span class='ocrx_word' id='word_1_17' title='bbox 2051 669 2274 748; x_wconf 89' lang='lat' dir='ltr'><strong>partes</strong></span> <span class='ocrx_word' id='word_1_18' title='bbox 2293 655 2648 725; x_wconf 83' lang='lat' dir='ltr'>Strabonis</span> <span class='ocrx_word' id='word_1_19' title='bbox 2678 667 2826 726; x_wconf 86' lang='lat' dir='ltr'><strong>tem-</strong></span> 
     </span>
     <span class='ocr_line' id='line_1_4' title="bbox 662 760 2824 860; baseline -0 -28"><span class='ocrx_word' id='word_1_20' title='bbox 662 760 937 860; x_wconf 66' lang='lat' dir='ltr'><strong>porib‘us</strong></span> <span class='ocrx_word' id='word_1_21' title='bbox 966 762 1411 848; x_wconf 85' lang='lat' dir='ltr'><strong>dividebatur,</strong></span> <span class='ocrx_word' id='word_1_22' title='bbox 1438 761 1688 830; x_wconf 92' lang='lat' dir='ltr'><strong>scilicet</strong></span> <span class='ocrx_word' id='word_1_23' title='bbox 1724 763 1791 828; x_wconf 90' lang='lat' dir='ltr'><strong>in</strong></span> <span class='ocrx_word' id='word_1_24' title='bbox 1820 761 2299 850; x_wconf 82' lang='lat' dir='ltr'><strong>Phthiotidem,</strong></span> <span class='ocrx_word' id='word_1_25' title='bbox 2321 763 2824 851; x_wconf 82' lang='lat' dir='ltr'><strong>AEsn&#39;aeotidem,</strong></span> 
     </span>
     <span class='ocr_line' id='line_1_5' title="bbox 663 867 2823 962; baseline -0.001 -23"><span class='ocrx_word' id='word_1_26' title='bbox 663 869 1209 939; x_wconf 87' lang='lat' dir='ltr'><strong>Thessaliotidem</strong></span> <span class='ocrx_word' id='word_1_27' title='bbox 1246 882 1316 936; x_wconf 92' lang='lat' dir='ltr'><strong>et</strong></span> <span class='ocrx_word' id='word_1_28' title='bbox 1337 867 1868 962; x_wconf 85' lang='lat' dir='ltr'><strong>Pelasgiotidem.</strong></span> <span class='ocrx_word' id='word_1_29' title='bbox 1897 871 2232 937; x_wconf 87' lang='lat' dir='ltr'><strong>Homerus</strong></span> <span class='ocrx_word' id='word_1_30' title='bbox 2273 892 2436 937; x_wconf 86' lang='lat' dir='ltr'><strong>vero</strong></span> <span class='ocrx_word' id='word_1_31' title='bbox 2478 870 2548 937; x_wconf 92' lang='lat' dir='ltr'><strong>in</strong></span> <span class='ocrx_word' id='word_1_32' title='bbox 2589 869 2823 940; x_wconf 87' lang='lat' dir='ltr'><strong>decem</strong></span> 
     </span>
     <span class='ocr_line' id='line_1_6' title="bbox 664 973 2823 1072; baseline 0 -28"><span class='ocrx_word' id='word_1_33' title='bbox 664 991 889 1072; x_wconf 90' lang='lat' dir='ltr'><strong>partes</strong></span> <span class='ocrx_word' id='word_1_34' title='bbox 945 990 1144 1069; x_wconf 86' lang='lat' dir='ltr'><strong>atque</strong></span> <span class='ocrx_word' id='word_1_35' title='bbox 1190 974 1675 1043; x_wconf 83' lang='lat' dir='ltr'><strong>dominationes</strong></span> <span class='ocrx_word' id='word_1_36' title='bbox 1724 973 1990 1042; x_wconf 84' lang='lat' dir='ltr'><strong>videtur</strong></span> <span class='ocrx_word' id='word_1_37' title='bbox 2029 973 2436 1043; x_wconf 85' lang='lat' dir='ltr'><strong>Thessaliam</strong></span> <span class='ocrx_word' id='word_1_38' title='bbox 2480 975 2823 1063; x_wconf 85' lang='lat' dir='ltr'><strong>dividere,</strong></span> 
     </span>
     <span class='ocr_line' id='line_1_7' title="bbox 664 1079 2820 1178; baseline -0 -27"><span class='ocrx_word' id='word_1_39' title='bbox 664 1083 903 1178; x_wconf 87' lang='lat' dir='ltr'><strong>quibus</strong></span> <span class='ocrx_word' id='word_1_40' title='bbox 927 1081 1113 1151; x_wconf 83' lang='lat' dir='ltr'>addit</span> <span class='ocrx_word' id='word_1_41' title='bbox 1133 1079 1386 1174; x_wconf 85' lang='lat' dir='ltr'><strong>aliquot</strong></span> <span class='ocrx_word' id='word_1_42' title='bbox 1410 1080 1715 1150; x_wconf 87' lang='lat' dir='ltr'><strong>Locridis</strong></span> <span class='ocrx_word' id='word_1_43' title='bbox 1747 1093 1813 1148; x_wconf 88' lang='lat' dir='ltr'><strong>et</strong></span> <span class='ocrx_word' id='word_1_44' title='bbox 1841 1083 2034 1149; x_wconf 85' lang='lat' dir='ltr'><strong>OEtae</strong></span> <span class='ocrx_word' id='word_1_45' title='bbox 2062 1082 2346 1174; x_wconf 85' lang='lat' dir='ltr'><strong>regionis</strong></span> <span class='ocrx_word' id='word_1_46' title='bbox 2370 1094 2616 1174; x_wconf 88' lang='lat' dir='ltr'><strong>partes.</strong></span> <span class='ocrx_word' id='word_1_47' title='bbox 2651 1085 2820 1150; x_wconf 86' lang='lat' dir='ltr'><strong>Prae-</strong></span> 
     </span>
     <span class='ocr_line' id='line_1_8' title="bbox 664 1187 2819 1281; baseline -0.001 -23"><span class='ocrx_word' id='word_1_48' title='bbox 664 1205 769 1258; x_wconf 88' lang='lat' dir='ltr'><strong>ter</strong></span> <span class='ocrx_word' id='word_1_49' title='bbox 790 1191 1122 1258; x_wconf 82' lang='lat' dir='ltr'><strong>Larissam</strong></span> <span class='ocrx_word' id='word_1_50' title='bbox 1152 1211 1353 1281; x_wconf 89' lang='lat' dir='ltr'><strong>supra</strong></span> <span class='ocrx_word' id='word_1_51' title='bbox 1375 1201 1811 1255; x_wconf 86' lang='lat' dir='ltr'><strong>memoratam</strong></span> <span class='ocrx_word' id='word_1_52' title='bbox 1834 1240 1855 1274; x_wconf 98' lang='lat'><strong>,</strong></span> <span class='ocrx_word' id='word_1_53' title='bbox 1882 1187 2176 1255; x_wconf 86' lang='lat' dir='ltr'><strong>habebat</strong></span> <span class='ocrx_word' id='word_1_54' title='bbox 2205 1187 2556 1281; x_wconf 90' lang='lat' dir='ltr'><strong>Gomphos</strong></span> <span class='ocrx_word' id='word_1_55' title='bbox 2574 1241 2593 1274; x_wconf 94' lang='lat'><strong>,</strong></span> <span class='ocrx_word' id='word_1_56' title='bbox 2614 1189 2819 1257; x_wconf 89' lang='lat' dir='ltr'><strong>Phar-</strong></span> 
     </span>
     <span class='ocr_line' id='line_1_9' title="bbox 667 1292 2820 1382; baseline 0 -18"><span class='ocrx_word' id='word_1_57' title='bbox 667 1295 877 1364; x_wconf 87' lang='lat' dir='ltr'><strong>salum</strong></span> <span class='ocrx_word' id='word_1_58' title='bbox 896 1349 915 1382; x_wconf 92' lang='lat'><strong>,</strong></span> <span class='ocrx_word' id='word_1_59' title='bbox 938 1295 1219 1381; x_wconf 81' lang='lat' dir='ltr'><strong>Pheras,</strong></span> <span class='ocrx_word' id='word_1_60' title='bbox 1234 1293 1498 1362; x_wconf 87' lang='lat' dir='ltr'><strong>Thebas</strong></span> <span class='ocrx_word' id='word_1_61' title='bbox 1513 1347 1532 1379; x_wconf 89' lang='lat'><strong>,</strong></span> <span class='ocrx_word' id='word_1_62' title='bbox 1549 1292 2001 1362; x_wconf 82' lang='lat' dir='ltr'><strong>Phthiotidem</strong></span> <span class='ocrx_word' id='word_1_63' title='bbox 2026 1306 2094 1361; x_wconf 88' lang='lat' dir='ltr'><strong>et</strong></span> <span class='ocrx_word' id='word_1_64' title='bbox 2118 1292 2532 1362; x_wconf 86' lang='lat' dir='ltr'><strong>Heracleam.</strong></span> <span class='ocrx_word' id='word_1_65' title='bbox 2560 1297 2820 1365; x_wconf 86' lang='lat' dir='ltr'><strong>Peneus</strong></span> 
     </span>
     <span class='ocr_line' id='line_1_10' title="bbox 666 1399 2816 1495; baseline 0 -25"><span class='ocrx_word' id='word_1_66' title='bbox 666 1404 879 1470; x_wconf 89' lang='lat' dir='ltr'><strong>amnis</strong></span> <span class='ocrx_word' id='word_1_67' title='bbox 916 1425 1063 1469; x_wconf 91' lang='lat' dir='ltr'><strong>eam</strong></span> <span class='ocrx_word' id='word_1_68' title='bbox 1100 1399 1620 1495; x_wconf 72' lang='lat' dir='ltr'><strong>praeterfluebat,</strong></span> <span class='ocrx_word' id='word_1_69' title='bbox 1655 1414 1724 1467; x_wconf 93' lang='lat' dir='ltr'><strong>et</strong></span> <span class='ocrx_word' id='word_1_70' title='bbox 1753 1413 2013 1468; x_wconf 91' lang='lat' dir='ltr'><strong>montes</strong></span> <span class='ocrx_word' id='word_1_71' title='bbox 2045 1423 2245 1494; x_wconf 87' lang='lat' dir='ltr'><strong>supra</strong></span> <span class='ocrx_word' id='word_1_72' title='bbox 2278 1401 2634 1468; x_wconf 87' lang='lat' dir='ltr'><strong>memorati</strong></span> <span class='ocrx_word' id='word_1_73' title='bbox 2677 1427 2816 1470; x_wconf 90' lang='lat' dir='ltr'><strong>eam</strong></span> 
     </span>
     <span class='ocr_line' id='line_1_11' title="bbox 666 1505 2816 1600; baseline -0 -23"><span class='ocrx_word' id='word_1_74' title='bbox 666 1507 873 1577; x_wconf 80' lang='lat' dir='ltr'><strong>veluti</strong></span> <span class='ocrx_word' id='word_1_75' title='bbox 894 1506 1526 1600; x_wconf 82' lang='lat' dir='ltr'><strong>circumcingebant.</strong></span> <span class='ocrx_word' id='word_1_76' title='bbox 1551 1509 1604 1574; x_wconf 91' lang='lat' dir='ltr'><strong>F</strong></span> <span class='ocrx_word' id='word_1_77' title='bbox 1607 1505 1974 1574; x_wconf 89' lang='lat' dir='ltr'><strong>ertilissima</strong></span> <span class='ocrx_word' id='word_1_78' title='bbox 1999 1505 2175 1574; x_wconf 88' lang='lat' dir='ltr'><strong>facta</strong></span> <span class='ocrx_word' id='word_1_79' title='bbox 2193 1519 2294 1574; x_wconf 89' lang='lat' dir='ltr'><strong>est</strong></span> <span class='ocrx_word' id='word_1_80' title='bbox 2316 1507 2500 1598; x_wconf 85' lang='lat' dir='ltr'><strong>regio</strong></span> <span class='ocrx_word' id='word_1_81' title='bbox 2524 1508 2690 1594; x_wconf 89' lang='lat' dir='ltr'><strong>ista,</strong></span> <span class='ocrx_word' id='word_1_82' title='bbox 2711 1507 2816 1577; x_wconf 88' lang='lat' dir='ltr'><strong>sed</strong></span> 
     </span>
     <span class='ocr_line' id='line_1_12' title="bbox 668 1611 2814 1708; baseline 0.001 -26"><span class='ocrx_word' id='word_1_83' title='bbox 668 1615 1029 1708; x_wconf 86' lang='lat' dir='ltr'><strong>antiquitus</strong></span> <span class='ocrx_word' id='word_1_84' title='bbox 1066 1638 1192 1708; x_wconf 90' lang='lat' dir='ltr'><strong>pro</strong></span> <span class='ocrx_word' id='word_1_85' title='bbox 1231 1612 1501 1706; x_wconf 86' lang='lat' dir='ltr'><strong>planitie</strong></span> <span class='ocrx_word' id='word_1_86' title='bbox 1536 1636 1855 1706; x_wconf 86' lang='lat' dir='ltr'><strong>magnum</strong></span> <span class='ocrx_word' id='word_1_87' title='bbox 1883 1611 2223 1706; x_wconf 79' lang='lat' dir='ltr'><strong>praebebat</strong></span> <span class='ocrx_word' id='word_1_88' title='bbox 2261 1627 2574 1708; x_wconf 84' lang='lat' dir='ltr'><strong>stagnum</strong></span> <span class='ocrx_word' id='word_1_89' title='bbox 2605 1613 2814 1684; x_wconf 87' lang='lat' dir='ltr'><strong>effec-</strong></span> 
     </span>
     <span class='ocr_line' id='line_1_13' title="bbox 668 1719 2814 1815; baseline 0 -27"><span class='ocrx_word' id='word_1_90' title='bbox 668 1736 812 1789; x_wconf 91' lang='lat' dir='ltr'><strong>tum</strong></span> <span class='ocrx_word' id='word_1_91' title='bbox 847 1720 1119 1788; x_wconf 88' lang='lat' dir='ltr'><strong>flumine</strong></span> <span class='ocrx_word' id='word_1_92' title='bbox 1156 1745 1193 1788; x_wconf 90' lang='lat' dir='ltr'><strong>e</strong></span> <span class='ocrx_word' id='word_1_93' title='bbox 1230 1719 1572 1788; x_wconf 88' lang='lat' dir='ltr'><strong>montibus</strong></span> <span class='ocrx_word' id='word_1_94' title='bbox 1616 1719 2040 1806; x_wconf 82' lang='lat' dir='ltr'><strong>decurrente,</strong></span> <span class='ocrx_word' id='word_1_95' title='bbox 2076 1733 2145 1787; x_wconf 93' lang='lat' dir='ltr'><strong>et</strong></span> <span class='ocrx_word' id='word_1_96' title='bbox 2176 1721 2396 1786; x_wconf 89' lang='lat' dir='ltr'><strong>Peneo</strong></span> <span class='ocrx_word' id='word_1_97' title='bbox 2416 1771 2438 1804; x_wconf 88' lang='lat'><strong>,</strong></span> <span class='ocrx_word' id='word_1_98' title='bbox 2477 1721 2634 1814; x_wconf 87' lang='lat' dir='ltr'><strong>qui,</strong></span> <span class='ocrx_word' id='word_1_99' title='bbox 2675 1745 2814 1815; x_wconf 91' lang='lat' dir='ltr'><strong>pro·</strong></span> 
     </span>
     <span class='ocr_line' id='line_1_14' title="bbox 666 1823 2812 1922; baseline 0 -27"><span class='ocrx_word' id='word_1_100' title='bbox 666 1841 817 1922; x_wconf 91' lang='lat' dir='ltr'><strong>pter</strong></span> <span class='ocrx_word' id='word_1_101' title='bbox 864 1850 1052 1896; x_wconf 89' lang='lat' dir='ltr'><strong>oram</strong></span> <span class='ocrx_word' id='word_1_102' title='bbox 1098 1828 1498 1896; x_wconf 88' lang='lat' dir='ltr'><strong>maritimam</strong></span> <span class='ocrx_word' id='word_1_103' title='bbox 1541 1828 1688 1921; x_wconf 90' lang='lat' dir='ltr'><strong>ipso</strong></span> <span class='ocrx_word' id='word_1_104' title='bbox 1733 1823 2193 1911; x_wconf 83' lang='lat' dir='ltr'><strong>excelsiorem,</strong></span> <span class='ocrx_word' id='word_1_105' title='bbox 2222 1825 2290 1892; x_wconf 88' lang='lat' dir='ltr'><strong>in</strong></span> <span class='ocrx_word' id='word_1_106' title='bbox 2327 1847 2510 1893; x_wconf 89' lang='lat' dir='ltr'><strong>mare</strong></span> <span class='ocrx_word' id='word_1_107' title='bbox 2537 1826 2812 1895; x_wconf 85' lang='lat' dir='ltr'><strong>influere</strong></span> 
     </span>
     <span class='ocr_line' id='line_1_15' title="bbox 666 1930 2808 2028; baseline -0 -26"><span class='ocrx_word' id='word_1_108' title='bbox 666 1959 804 2002; x_wconf 90' lang='lat' dir='ltr'><strong>non</strong></span> <span class='ocrx_word' id='word_1_109' title='bbox 827 1947 1105 2028; x_wconf 89' lang='lat' dir='ltr'><strong>poterat.</strong></span> <span class='ocrx_word' id='word_1_110' title='bbox 1128 1933 1358 2020; x_wconf 89' lang='lat' dir='ltr'><strong>Quum</strong></span> <span class='ocrx_word' id='word_1_111' title='bbox 1378 1945 1600 2000; x_wconf 89' lang='lat' dir='ltr'><strong>autem</strong></span> <span class='ocrx_word' id='word_1_112' title='bbox 1620 1946 1814 2000; x_wconf 86' lang='lat' dir='ltr'><strong>terrae</strong></span> <span class='ocrx_word' id='word_1_113' title='bbox 1837 1946 2059 2000; x_wconf 89' lang='lat' dir='ltr'><strong>motus</strong></span> <span class='ocrx_word' id='word_1_114' title='bbox 2075 1985 2094 2016; x_wconf 92' lang='lat'>‚</span> <span class='ocrx_word' id='word_1_115' title='bbox 2112 1931 2398 2025; x_wconf 88' lang='lat' dir='ltr'><strong>abrupto</strong></span> <span class='ocrx_word' id='word_1_116' title='bbox 2416 1930 2501 1998; x_wconf 89' lang='lat' dir='ltr'><strong>ab</strong></span> <span class='ocrx_word' id='word_1_117' title='bbox 2523 1930 2808 2028; x_wconf 80' lang='lat' dir='ltr'><strong>Olympo</strong></span> 
     </span>
     <span class='ocr_line' id='line_1_16' title="bbox 668 2035 2805 2132; baseline -0 -24"><span class='ocrx_word' id='word_1_118' title='bbox 668 2043 873 2127; x_wconf 88' lang='lat' dir='ltr'><strong>Ossa,</strong></span> <span class='ocrx_word' id='word_1_119' title='bbox 908 2042 978 2107; x_wconf 89' lang='lat' dir='ltr'><strong>in</strong></span> <span class='ocrx_word' id='word_1_120' title='bbox 1012 2064 1093 2108; x_wconf 90' lang='lat' dir='ltr'><strong>eo</strong></span> <span class='ocrx_word' id='word_1_121' title='bbox 1123 2037 1274 2108; x_wconf 92' lang='lat' dir='ltr'><strong>loco</strong></span> <span class='ocrx_word' id='word_1_122' title='bbox 1304 2039 1422 2106; x_wconf 92' lang='lat' dir='ltr'><strong>ubi</strong></span> <span class='ocrx_word' id='word_1_123' title='bbox 1454 2037 1731 2106; x_wconf 87' lang='lat' dir='ltr'><strong>celebris</strong></span> <span class='ocrx_word' id='word_1_124' title='bbox 1762 2053 1907 2106; x_wconf 89' lang='lat' dir='ltr'><strong>erat</strong></span> <span class='ocrx_word' id='word_1_125' title='bbox 1943 2036 2132 2106; x_wconf 88' lang='lat' dir='ltr'><strong>vallis</strong></span> <span class='ocrx_word' id='word_1_126' title='bbox 2167 2035 2278 2106; x_wconf 89' lang='lat' dir='ltr'><strong>illa</strong></span> <span class='ocrx_word' id='word_1_127' title='bbox 2311 2041 2566 2132; x_wconf 84' lang='lat' dir='ltr'><strong>Tempe</strong></span> <span class='ocrx_word' id='word_1_128' title='bbox 2599 2038 2805 2125; x_wconf 89' lang='lat' dir='ltr'><strong>dicta,</strong></span> 
     </span>
     <span class='ocr_line' id='line_1_17' title="bbox 666 2143 2807 2236; baseline -0.001 -21"><span class='ocrx_word' id='word_1_129' title='bbox 666 2147 923 2215; x_wconf 89' lang='lat' dir='ltr'><strong>hiatum</strong></span> <span class='ocrx_word' id='word_1_130' title='bbox 960 2145 1222 2214; x_wconf 86' lang='lat' dir='ltr'><strong>fecisset</strong></span> <span class='ocrx_word' id='word_1_131' title='bbox 1240 2198 1257 2232; x_wconf 92' lang='lat'><strong>,</strong></span> <span class='ocrx_word' id='word_1_132' title='bbox 1285 2147 1543 2212; x_wconf 88' lang='lat' dir='ltr'><strong>Peneus</strong></span> <span class='ocrx_word' id='word_1_133' title='bbox 1570 2144 1662 2211; x_wconf 90' lang='lat' dir='ltr'><strong>ibi</strong></span> <span class='ocrx_word' id='word_1_134' title='bbox 1685 2169 1917 2212; x_wconf 91' lang='lat' dir='ltr'><strong>omnes</strong></span> <span class='ocrx_word' id='word_1_135' title='bbox 1943 2143 2162 2212; x_wconf 87' lang='lat' dir='ltr'><strong>ferens</strong></span> <span class='ocrx_word' id='word_1_136' title='bbox 2196 2167 2399 2236; x_wconf 88' lang='lat' dir='ltr'><strong>aquas</strong></span> <span class='ocrx_word' id='word_1_137' title='bbox 2435 2157 2502 2212; x_wconf 88' lang='lat' dir='ltr'><strong>et</strong></span> <span class='ocrx_word' id='word_1_138' title='bbox 2525 2145 2595 2211; x_wconf 91' lang='lat' dir='ltr'><strong>in</strong></span> <span class='ocrx_word' id='word_1_139' title='bbox 2632 2169 2807 2213; x_wconf 90' lang='lat' dir='ltr'><strong>mare</strong></span> 
     </span>
     <span class='ocr_line' id='line_1_18' title="bbox 665 2249 2804 2344; baseline 0 -24"><span class='ocrx_word' id='word_1_140' title='bbox 665 2277 734 2320; x_wconf 90' lang='lat' dir='ltr'><strong>se</strong></span> <span class='ocrx_word' id='word_1_141' title='bbox 758 2251 1105 2337; x_wconf 79' lang='lat' dir='ltr'><strong>evolvenS,</strong></span> <span class='ocrx_word' id='word_1_142' title='bbox 1130 2249 1505 2320; x_wconf 87' lang='lat' dir='ltr'><strong>siccandam</strong></span> <span class='ocrx_word' id='word_1_143' title='bbox 1530 2249 1867 2344; x_wconf 88' lang='lat' dir='ltr'><strong>planitiem</strong></span> <span class='ocrx_word' id='word_1_144' title='bbox 1891 2251 2194 2344; x_wconf 81' lang='lat' dir='ltr'><strong>praebuit.</strong></span> <span class='ocrx_word' id='word_1_145' title='bbox 2225 2249 2566 2318; x_wconf 85' lang='lat' dir='ltr'><strong>Thessalia</strong></span> <span class='ocrx_word' id='word_1_146' title='bbox 2581 2304 2600 2338; x_wconf 90' lang='lat'><strong>,</strong></span> <span class='ocrx_word' id='word_1_147' title='bbox 2625 2253 2804 2344; x_wconf 84' lang='lat' dir='ltr'><strong>cujus</strong></span> 
     </span>
     <span class='ocr_line' id='line_1_19' title="bbox 665 2356 2797 2451; baseline -0 -26"><span class='ocrx_word' id='word_1_148' title='bbox 665 2357 982 2426; x_wconf 86' lang='lat' dir='ltr'><strong>interiora</strong></span> <span class='ocrx_word' id='word_1_149' title='bbox 1014 2380 1251 2451; x_wconf 90' lang='lat' dir='ltr'><strong>parum</strong></span> <span class='ocrx_word' id='word_1_150' title='bbox 1284 2356 1485 2425; x_wconf 90' lang='lat' dir='ltr'><strong>hodie</strong></span> <span class='ocrx_word' id='word_1_151' title='bbox 1515 2371 1920 2443; x_wconf 90' lang='lat' dir='ltr'><strong>noscuntur,</strong></span> <span class='ocrx_word' id='word_1_152' title='bbox 1949 2381 2104 2451; x_wconf 89' lang='lat' dir='ltr'><strong>pars</strong></span> <span class='ocrx_word' id='word_1_153' title='bbox 2135 2371 2234 2426; x_wconf 89' lang='lat' dir='ltr'><strong>est</strong></span> <span class='ocrx_word' id='word_1_154' title='bbox 2261 2357 2521 2450; x_wconf 89' lang='lat' dir='ltr'><strong>imperii</strong></span> <span class='ocrx_word' id='word_1_155' title='bbox 2554 2359 2797 2426; x_wconf 86' lang='lat' dir='ltr'><strong>turcici.</strong></span> 
     </span>
     <span class='ocr_line' id='line_1_20' title="bbox 664 2464 1746 2533; baseline -0.003 0"><span class='ocrx_word' id='word_1_156' title='bbox 664 2465 969 2533; x_wconf 88' lang='lat' dir='ltr'><strong>Vocatur</strong></span> <span class='ocrx_word' id='word_1_157' title='bbox 1002 2464 1349 2532; x_wconf 70' lang='lat' dir='ltr'><strong>Moulaldc</strong></span> <span class='ocrx_word' id='word_1_158' title='bbox 1390 2477 1458 2532; x_wconf 91' lang='lat' dir='ltr'><strong>et</strong></span> <span class='ocrx_word' id='word_1_159' title='bbox 1499 2467 1746 2532; x_wconf 81' lang='lat' dir='ltr'><strong>Fener.</strong></span> 
     </span>
    </p>

    <p class='ocr_par' dir='ltr' id='par_1_3' title="bbox 668 2563 2794 2746">
     <span class='ocr_line' id='line_1_21' title="bbox 774 2563 2794 2664; baseline 0 -27"><span class='ocrx_word' id='word_1_160' title='bbox 774 2572 1107 2638; x_wconf 75' lang='lat' dir='ltr'><strong>THRACES</strong></span> <span class='ocrx_word' id='word_1_161' title='bbox 1137 2565 1244 2659; x_wconf 87' lang='lat' dir='ltr'><strong>(B.</strong></span> <span class='ocrx_word' id='word_1_162' title='bbox 1279 2572 1355 2639; x_wconf 90' lang='lat' dir='ltr'><strong>C.</strong></span> <span class='ocrx_word' id='word_1_163' title='bbox 1390 2567 1501 2637; x_wconf 90' lang='lat' dir='ltr'><strong>lib.</strong></span> <span class='ocrx_word' id='word_1_164' title='bbox 1537 2593 1652 2657; x_wconf 91' lang='lat'><strong>111,</strong></span> <span class='ocrx_word' id='word_1_165' title='bbox 1678 2593 1822 2664; x_wconf 89' lang='lat' dir='ltr'><strong>cap.</strong></span> <span class='ocrx_word' id='word_1_166' title='bbox 1861 2563 2022 2664; x_wconf 86' lang='lat'><strong>95).</strong></span> <span class='ocrx_word' id='word_1_167' title='bbox 2052 2567 2290 2663; x_wconf 91' lang='lat' dir='ltr'><strong>Populi</strong></span> <span class='ocrx_word' id='word_1_168' title='bbox 2323 2568 2676 2638; x_wconf 88' lang='lat' dir='ltr'><strong>Thraciam</strong></span> <span class='ocrx_word' id='word_1_169' title='bbox 2706 2571 2794 2637; x_wconf 88' lang='lat' dir='ltr'><strong>in-</strong></span> 
     </span>
     <span class='ocr_line' id='line_1_22' title="bbox 668 2674 1413 2746; baseline -0.004 0"><span class='ocrx_word' id='word_1_170' title='bbox 668 2674 977 2746; x_wconf 89' lang='lat' dir='ltr'><strong>colentes.</strong></span> <span class='ocrx_word' id='word_1_171' title='bbox 1010 2675 1183 2744; x_wconf 90' lang='lat' dir='ltr'><strong>Vide</strong></span> <span class='ocrx_word' id='word_1_172' title='bbox 1224 2675 1413 2744; x_wconf 87' lang='lat' dir='ltr'><strong>infra.</strong></span> 
     </span>
    </p>

    <p class='ocr_par' dir='ltr' id='par_1_4' title="bbox 642 2772 2788 3939">
     <span class='ocr_line' id='line_1_23' title="bbox 773 2772 2788 2876; baseline -0.001 -26"><span class='ocrx_word' id='word_1_173' title='bbox 773 2785 1106 2852; x_wconf 62' lang='lat' dir='ltr'><strong>Tflnacu„</strong></span> <span class='ocrx_word' id='word_1_174' title='bbox 1154 2776 1275 2872; x_wconf 90' lang='lat' dir='ltr'><strong>(B.</strong></span> <span class='ocrx_word' id='word_1_175' title='bbox 1304 2783 1381 2850; x_wconf 90' lang='lat' dir='ltr'><strong>C.</strong></span> <span class='ocrx_word' id='word_1_176' title='bbox 1422 2780 1534 2850; x_wconf 90' lang='lat' dir='ltr'><strong>lib.</strong></span> <span class='ocrx_word' id='word_1_177' title='bbox 1568 2805 1654 2851; x_wconf 90' lang='lat'><strong>111</strong></span> <span class='ocrx_word' id='word_1_178' title='bbox 1676 2835 1695 2869; x_wconf 91' lang='lat'><strong>,</strong></span> <span class='ocrx_word' id='word_1_179' title='bbox 1727 2805 1870 2876; x_wconf 89' lang='lat' dir='ltr'><strong>cap.</strong></span> <span class='ocrx_word' id='word_1_180' title='bbox 1909 2772 2020 2868; x_wconf 78' lang='grc'><strong>4).</strong></span> <span class='ocrx_word' id='word_1_181' title='bbox 2053 2782 2240 2852; x_wconf 86' lang='lat' dir='ltr'><strong>Inter</strong></span> <span class='ocrx_word' id='word_1_182' title='bbox 2289 2780 2418 2866; x_wconf 69' lang='grc' dir='ltr'><strong>[ιοθ</strong></span> <span class='ocrx_word' id='word_1_183' title='bbox 2441 2778 2491 2865; x_wconf 66' lang='lat'><strong>{-</strong></span> <span class='ocrx_word' id='word_1_184' title='bbox 2538 2779 2665 2866; x_wconf 75' lang='lat'><strong>43⁰</strong></span> <span class='ocrx_word' id='word_1_185' title='bbox 2691 2780 2788 2849; x_wconf 88' lang='lat' dir='ltr'><strong>lat.</strong></span> 
     </span>
     <span class='ocr_line' id='line_1_24' title="bbox 668 2887 2788 2984; baseline -0.002 -26"><span class='ocrx_word' id='word_1_186' title='bbox 668 2915 710 2958; x_wconf 78' lang='lat'><em>2</em></span> <span class='ocrx_word' id='word_1_187' title='bbox 732 2887 798 2958; x_wconf 86' lang='lat'><strong>1⁰</strong></span> <span class='ocrx_word' id='word_1_188' title='bbox 829 2903 895 2957; x_wconf 89' lang='lat' dir='ltr'><strong>et</strong></span> <span class='ocrx_word' id='word_1_189' title='bbox 935 2887 1060 2984; x_wconf 82' lang='lat'><strong>27⁰</strong></span> <span class='ocrx_word' id='word_1_190' title='bbox 1093 2887 1269 2983; x_wconf 85' lang='lat' dir='ltr'><strong>long.</strong></span> <span class='ocrx_word' id='word_1_191' title='bbox 1313 2889 1566 2982; x_wconf 86' lang='lat' dir='ltr'><strong>Magna</strong></span> <span class='ocrx_word' id='word_1_192' title='bbox 1604 2890 1786 2982; x_wconf 87' lang='lat' dir='ltr'><strong>regio</strong></span> <span class='ocrx_word' id='word_1_193' title='bbox 1823 2891 2110 2980; x_wconf 81' lang='lat' dir='ltr'><strong>Europae</strong></span> <span class='ocrx_word' id='word_1_194' title='bbox 2133 2941 2151 2973; x_wconf 88' lang='lat'><strong>,</strong></span> <span class='ocrx_word' id='word_1_195' title='bbox 2188 2887 2598 2956; x_wconf 82' lang='lat' dir='ltr'><strong>Macedoniae</strong></span> <span class='ocrx_word' id='word_1_196' title='bbox 2639 2911 2788 2956; x_wconf 89' lang='lat' dir='ltr'><strong>con-</strong></span> 
     </span>
     <span class='ocr_line' id='line_1_25' title="bbox 664 2993 2788 3088; baseline -0.001 -24"><span class='ocrx_word' id='word_1_197' title='bbox 664 2995 981 3082; x_wconf 88' lang='lat' dir='ltr'><strong>termina,</strong></span> <span class='ocrx_word' id='word_1_198' title='bbox 1010 3008 1079 3062; x_wconf 86' lang='lat' dir='ltr'><strong>et</strong></span> <span class='ocrx_word' id='word_1_199' title='bbox 1111 3018 1153 3062; x_wconf 90' lang='lat' dir='ltr'><strong>a</strong></span> <span class='ocrx_word' id='word_1_200' title='bbox 1186 2995 1445 3063; x_wconf 82' lang='lat' dir='ltr'><strong>Graecia</strong></span> <span class='ocrx_word' id='word_1_201' title='bbox 1481 3019 1754 3088; x_wconf 87' lang='lat' dir='ltr'><strong>prorsus</strong></span> <span class='ocrx_word' id='word_1_202' title='bbox 1789 2993 2117 3062; x_wconf 89' lang='lat' dir='ltr'><strong>distincta.</strong></span> <span class='ocrx_word' id='word_1_203' title='bbox 2151 2993 2374 3062; x_wconf 86' lang='lat' dir='ltr'><strong>Habet</strong></span> <span class='ocrx_word' id='word_1_204' title='bbox 2400 2994 2486 3061; x_wconf 88' lang='lat' dir='ltr'><strong>ad</strong></span> <span class='ocrx_word' id='word_1_205' title='bbox 2522 3009 2788 3088; x_wconf 90' lang='lat' dir='ltr'><strong>septem·</strong></span> 
     </span>
     <span class='ocr_line' id='line_1_26' title="bbox 665 3100 2788 3187; baseline -0.001 -17"><span class='ocrx_word' id='word_1_206' title='bbox 665 3103 947 3170; x_wconf 84' lang='lat' dir='ltr'><strong>trionem</strong></span> <span class='ocrx_word' id='word_1_207' title='bbox 978 3113 1274 3168; x_wconf 88' lang='lat' dir='ltr'><strong>montem</strong></span> <span class='ocrx_word' id='word_1_208' title='bbox 1307 3103 1652 3185; x_wconf 80' lang='lat' dir='ltr'><strong>Haemum3</strong></span> <span class='ocrx_word' id='word_1_209' title='bbox 1678 3101 1763 3169; x_wconf 91' lang='lat' dir='ltr'><strong>ad</strong></span> <span class='ocrx_word' id='word_1_210' title='bbox 1789 3101 2146 3187; x_wconf 85' lang='lat' dir='ltr'><strong>orientem,</strong></span> <span class='ocrx_word' id='word_1_211' title='bbox 2176 3102 2550 3184; x_wconf 80' lang='lat' dir='ltr'><strong>Euxinum3</strong></span> <span class='ocrx_word' id='word_1_212' title='bbox 2578 3100 2788 3169; x_wconf 82' lang='lat' dir='ltr'><strong>adme-</strong></span> 
     </span>
     <span class='ocr_line' id='line_1_27' title="bbox 665 3197 2782 3301; baseline -0 -27"><span class='ocrx_word' id='word_1_213' title='bbox 665 3197 898 3275; x_wconf 87' lang='lat' dir='ltr'><strong>ridiem</strong></span> <span class='ocrx_word' id='word_1_214' title='bbox 918 3260 937 3293; x_wconf 90' lang='lat'><strong>,</strong></span> <span class='ocrx_word' id='word_1_215' title='bbox 978 3207 1457 3301; x_wconf 86' lang='lat' dir='ltr'><strong>Propontidem</strong></span> <span class='ocrx_word' id='word_1_216' title='bbox 1506 3221 1575 3274; x_wconf 91' lang='lat' dir='ltr'><strong>et</strong></span> <span class='ocrx_word' id='word_1_217' title='bbox 1609 3209 1906 3301; x_wconf 85' lang='lat' dir='ltr'><strong>AEgaeum</strong></span> <span class='ocrx_word' id='word_1_218' title='bbox 1952 3230 2182 3293; x_wconf 86' lang='lat' dir='ltr'><strong>mare;</strong></span> <span class='ocrx_word' id='word_1_219' title='bbox 2227 3206 2312 3274; x_wconf 91' lang='lat' dir='ltr'><strong>ad</strong></span> <span class='ocrx_word' id='word_1_220' title='bbox 2351 3207 2782 3292; x_wconf 85' lang='lat' dir='ltr'><strong>occidentem,</strong></span> 
     </span>
     <span class='ocr_line' id='line_1_28' title="bbox 666 3311 2782 3406; baseline 0 -26"><span class='ocrx_word' id='word_1_221' title='bbox 666 3327 925 3382; x_wconf 91' lang='lat' dir='ltr'><strong>montes</strong></span> <span class='ocrx_word' id='word_1_222' title='bbox 950 3315 1306 3406; x_wconf 82' lang='lat' dir='ltr'><strong>Pangaeum</strong></span> <span class='ocrx_word' id='word_1_223' title='bbox 1346 3327 1415 3381; x_wconf 86' lang='lat' dir='ltr'><strong>et</strong></span> <span class='ocrx_word' id='word_1_224' title='bbox 1448 3312 1844 3406; x_wconf 87' lang='lat' dir='ltr'><strong>Rhodopen.</strong></span> <span class='ocrx_word' id='word_1_225' title='bbox 1888 3315 2214 3406; x_wconf 84' lang='lat' dir='ltr'><strong>Magnum</strong></span> <span class='ocrx_word' id='word_1_226' title='bbox 2255 3311 2504 3380; x_wconf 84' lang='lat' dir='ltr'><strong>flumen</strong></span> <span class='ocrx_word' id='word_1_227' title='bbox 2541 3314 2782 3381; x_wconf 76' lang='lat' dir='ltr'><strong>nomine</strong></span> 
     </span>
     <span class='ocr_line' id='line_1_29' title="bbox 668 3417 2780 3514; baseline -0 -27"><span class='ocrx_word' id='word_1_228' title='bbox 668 3420 935 3487; x_wconf 89' lang='lat' dir='ltr'><strong>Hebrus</strong></span> <span class='ocrx_word' id='word_1_229' title='bbox 956 3473 975 3504; x_wconf 89' lang='lat'>‚</span> <span class='ocrx_word' id='word_1_230' title='bbox 1024 3443 1060 3486; x_wconf 90' lang='lat' dir='ltr'><strong>e</strong></span> <span class='ocrx_word' id='word_1_231' title='bbox 1103 3417 1386 3488; x_wconf 81' lang='lat' dir='ltr'><strong>vallibus</strong></span> <span class='ocrx_word' id='word_1_232' title='bbox 1426 3420 1601 3486; x_wconf 89' lang='lat' dir='ltr'><strong>intra</strong></span> <span class='ocrx_word' id='word_1_233' title='bbox 1652 3418 2028 3514; x_wconf 89' lang='lat' dir='ltr'><strong>Rhodopen</strong></span> <span class='ocrx_word' id='word_1_234' title='bbox 2080 3434 2149 3487; x_wconf 92' lang='lat' dir='ltr'><strong>et</strong></span> <span class='ocrx_word' id='word_1_235' title='bbox 2191 3421 2497 3487; x_wconf 83' lang='lat' dir='ltr'><strong>Haemum</strong></span> <span class='ocrx_word' id='word_1_236' title='bbox 2547 3433 2780 3488; x_wconf 85' lang='lat' dir='ltr'><strong>montes</strong></span> 
     </span>
     <span class='ocr_line' id='line_1_30' title="bbox 642 3524 2779 3622; baseline -0.001 -28"><span class='ocrx_word' id='word_1_237' title='bbox 642 3527 1006 3622; x_wconf 69' lang='lat' dir='ltr'><strong>&#39;egressum</strong></span> <span class='ocrx_word' id='word_1_238' title='bbox 1022 3579 1041 3612; x_wconf 86' lang='lat'><strong>,</strong></span> <span class='ocrx_word' id='word_1_239' title='bbox 1066 3524 1293 3594; x_wconf 87' lang='lat' dir='ltr'><strong>multis</strong></span> <span class='ocrx_word' id='word_1_240' title='bbox 1316 3524 1458 3593; x_wconf 90' lang='lat' dir='ltr'><strong>aliis</strong></span> <span class='ocrx_word' id='word_1_241' title='bbox 1484 3525 1702 3594; x_wconf 88' lang='lat' dir='ltr'><strong>fluviis</strong></span> <span class='ocrx_word' id='word_1_242' title='bbox 1733 3539 2003 3594; x_wconf 88' lang='lat' dir='ltr'><strong>auctum</strong></span> <span class='ocrx_word' id='word_1_243' title='bbox 2026 3578 2045 3611; x_wconf 89' lang='lat'><strong>,</strong></span> <span class='ocrx_word' id='word_1_244' title='bbox 2076 3548 2220 3593; x_wconf 89' lang='lat' dir='ltr'><strong>eam</strong></span> <span class='ocrx_word' id='word_1_245' title='bbox 2251 3525 2610 3612; x_wconf 83' lang='lat' dir='ltr'><strong>interfluit,</strong></span> <span class='ocrx_word' id='word_1_246' title='bbox 2637 3525 2779 3592; x_wconf 87' lang='lat' dir='ltr'><strong>etin</strong></span> 
     </span>
     <span class='ocr_line' id='line_1_31' title="bbox 667 3627 2780 3727; baseline -0.001 -26"><span class='ocrx_word' id='word_1_247' title='bbox 667 3633 963 3727; x_wconf 85' lang='lat' dir='ltr'><strong>AEgaeum</strong></span> <span class='ocrx_word' id='word_1_248' title='bbox 991 3657 1175 3700; x_wconf 84' lang='lat' dir='ltr'><strong>mare</strong></span> <span class='ocrx_word' id='word_1_249' title='bbox 1202 3631 1449 3699; x_wconf 89' lang='lat' dir='ltr'><strong>incidit.</strong></span> <span class='ocrx_word' id='word_1_250' title='bbox 1474 3633 1820 3700; x_wconf 87' lang='lat' dir='ltr'><strong>Orientem</strong></span> <span class='ocrx_word' id='word_1_251' title='bbox 1851 3655 2080 3700; x_wconf 86' lang='lat' dir='ltr'><strong>versus</strong></span> <span class='ocrx_word' id='word_1_252' title='bbox 2106 3629 2422 3724; x_wconf 86' lang='lat' dir='ltr'><strong>angulum</strong></span> <span class='ocrx_word' id='word_1_253' title='bbox 2457 3645 2648 3701; x_wconf 82' lang='lat' dir='ltr'><strong>terrae</strong></span> <span class='ocrx_word' id='word_1_254' title='bbox 2667 3627 2780 3700; x_wconf 89' lang='lat' dir='ltr'><strong>effi-</strong></span> 
     </span>
     <span class='ocr_line' id='line_1_32' title="bbox 668 3735 2779 3832; baseline -0.003 -24"><span class='ocrx_word' id='word_1_255' title='bbox 668 3741 858 3808; x_wconf 89' lang='lat' dir='ltr'><strong>ciunt</strong></span> <span class='ocrx_word' id='word_1_256' title='bbox 892 3738 1029 3809; x_wconf 91' lang='lat' dir='ltr'><strong>duo</strong></span> <span class='ocrx_word' id='word_1_257' title='bbox 1064 3739 1307 3824; x_wconf 88' lang='lat' dir='ltr'><strong>maria,</strong></span> <span class='ocrx_word' id='word_1_258' title='bbox 1338 3735 1588 3805; x_wconf 85' lang='lat' dir='ltr'><strong>scilicet</strong></span> <span class='ocrx_word' id='word_1_259' title='bbox 1622 3739 1960 3806; x_wconf 87' lang='lat' dir='ltr'><strong>Euxinum.</strong></span> <span class='ocrx_word' id='word_1_260' title='bbox 1992 3751 2066 3805; x_wconf 88' lang='lat' dir='ltr'><strong>et·</strong></span> <span class='ocrx_word' id='word_1_261' title='bbox 2093 3739 2484 3832; x_wconf 77' lang='lat' dir='ltr'><strong>PropontiS,</strong></span> <span class='ocrx_word' id='word_1_262' title='bbox 2523 3741 2671 3807; x_wconf 87' lang='lat' dir='ltr'><strong>satis</strong></span> <span class='ocrx_word' id='word_1_263' title='bbox 2695 3737 2779 3804; x_wconf 88' lang='lat' dir='ltr'><strong>in·</strong></span> 
     </span>
     <span class='ocr_line' id='line_1_33' title="bbox 664 3841 2776 3939; baseline -0.004 -24"><span class='ocrx_word' id='word_1_264' title='bbox 664 3844 915 3939; x_wconf 90' lang='lat' dir='ltr'><strong>clytum</strong></span> <span class='ocrx_word' id='word_1_265' title='bbox 959 3843 1163 3912; x_wconf 93' lang='lat' dir='ltr'><strong>nobili</strong></span> <span class='ocrx_word' id='word_1_266' title='bbox 1214 3845 1342 3912; x_wconf 91' lang='lat' dir='ltr'><strong>situ</strong></span> <span class='ocrx_word' id='word_1_267' title='bbox 1382 3844 1566 3912; x_wconf 87' lang='lat' dir='ltr'><strong>urbis</strong></span> <span class='ocrx_word' id='word_1_268' title='bbox 1617 3845 1954 3938; x_wconf 83' lang='lat' dir='ltr'><strong>Byzantii,</strong></span> <span class='ocrx_word' id='word_1_269' title='bbox 1995 3845 2132 3912; x_wconf 85' lang='lat' dir='ltr'><strong>sive</strong></span> <span class='ocrx_word' id='word_1_270' title='bbox 2169 3841 2776 3938; x_wconf 74' lang='lat' dir='ltr'><strong>Constantinopolis</strong></span> 
     </span>
    </p>

    <p class='ocr_par' dir='ltr' id='par_1_5' title="bbox 658 3949 2776 4157">
     <span class='ocr_line' id='line_1_34' title="bbox 771 3949 2776 4044; baseline -0.003 -22"><span class='ocrx_word' id='word_1_271' title='bbox 771 3955 1102 4022; x_wconf 84' lang='lat' dir='ltr'><strong>Caeterum</strong></span> <span class='ocrx_word' id='word_1_272' title='bbox 1133 3950 1417 4020; x_wconf 83' lang='lat' dir='ltr'><strong>Thracia</strong></span> <span class='ocrx_word' id='word_1_273' title='bbox 1443 3974 1682 4044; x_wconf 91' lang='lat' dir='ltr'><strong>parum</strong></span> <span class='ocrx_word' id='word_1_274' title='bbox 1713 3950 1944 4019; x_wconf 88' lang='lat' dir='ltr'><strong>fertilis</strong></span> <span class='ocrx_word' id='word_1_275' title='bbox 1981 3973 2060 4020; x_wconf 89' lang='lat' dir='ltr'><strong>ac</strong></span> <span class='ocrx_word' id='word_1_276' title='bbox 2088 3975 2298 4044; x_wconf 90' lang='lat' dir='ltr'><strong>prope</strong></span> <span class='ocrx_word' id='word_1_277' title='bbox 2329 3951 2592 4020; x_wconf 85' lang='lat' dir='ltr'><strong>deserta</strong></span> <span class='ocrx_word' id='word_1_278' title='bbox 2623 3949 2776 4018; x_wconf 88' lang='lat' dir='ltr'><strong>anti-</strong></span> 
     </span>
     <span class='ocr_line' id='line_1_35' title="bbox 658 4055 2776 4157; baseline -0.004 -29"><span class='ocrx_word' id='word_1_279' title='bbox 658 4059 879 4157; x_wconf 86' lang='lat' dir='ltr'><strong>quitus</strong></span> <span class='ocrx_word' id='word_1_280' title='bbox 914 4072 1357 4147; x_wconf 86' lang='lat' dir='ltr'><strong>memoratur,</strong></span> <span class='ocrx_word' id='word_1_281' title='bbox 1379 4071 1446 4126; x_wconf 86' lang='lat' dir='ltr'><strong>et</strong></span> <span class='ocrx_word' id='word_1_282' title='bbox 1468 4057 1806 4126; x_wconf 83' lang='lat' dir='ltr'><strong>Thracum</strong></span> <span class='ocrx_word' id='word_1_283' title='bbox 1842 4081 2003 4150; x_wconf 83' lang='lat' dir='ltr'><strong>gens</strong></span> <span class='ocrx_word' id='word_1_284' title='bbox 2039 4056 2480 4146; x_wconf 88' lang='lat' dir='ltr'><strong>ferocissima,</strong></span> <span class='ocrx_word' id='word_1_285' title='bbox 2501 4055 2776 4127; x_wconf 86' lang='lat' dir='ltr'><strong>eamdem</strong></span> 
     </span>
    </p>
   </div>
  </div>
 </body>
</html>
