3017 5042
624 417 781 500 404
1073 411 1413 484 INDEX
1466 410 2308 487 GEOGRAPHICUS,
2481 491 2488 496 ,

618 561 757 634 est,
792 543 909 615 sed
944 568 1027 614 ex
1054 543 1383 614 Strabone
1412 544 1530 637 qui
1553 567 1704 612 eam
1731 541 2024 638 appellat
2051 547 2120 614 Z
2121 546 2328 616 ellam
2341 599 2364 632 ,
2397 549 2758 640 quaerenda

616 666 791 722 esset
820 653 993 720 inter
1013 648 1323 720 Ahollam
1347 663 1417 720 et
1440 650 1816 744 Thapsum:
1839 663 2140 722 attamen
2153 705 2174 741 ,
2205 676 2290 720 ex
2315 675 2542 722 rerum
2565 657 2761 742 serie,
2797 702 2805 710 ·

616 757 1167 828 mediterraneam
1213 756 1389 829 hanc
1428 755 1666 826 urbem
1707 755 2102 827 crediderim
2125 811 2146 846 ‚
2183 781 2332 829 eam
2368 783 2555 829 xvm
2600 759 2758 830 mill.

616 879 876 934 tantum
906 888 1075 958 pass,
1112 863 1203 932 ab
1238 863 1421 932 urbe-
1444 864 1627 956 Agar
1657 862 1885 934 abesse
1903 917 1924 953 ,
1957 864 2428 935 in-directione
2464 867 2588 936 viae
2613 892 2762 961 quae

614 971 801 1041 ducit
826 970 911 1038 ad
936 970 1297 1065 Thapsum.
1338 969 1564 1038 Caesar
1587 968 1767 1038 enim
1794 969 1976 1064 apud
2007 971 2329 1066 oppidum
2352 972 2540 1066 Agar
2561 964 2762 1059 (vide

584 1078 699 1148 ‘ad
735 1102 973 1148 vocem
1000 1069 1258 1170 Agar)
1288 1090 1526 1146 contra
1541 1113 1547 1120 ·
1565 1076 1959 1170 Scipionem
1973 1077 2319 1173 satagebat
2341 1102 2365 1147 .·
2388 1104 2598 1173 porro
2617 1081 2758 1150 Sci·

612 1185 726 1278 pio
762 1183 1006 1253 Caesari
1051 1183 1330 1276 propior
1364 1196 1509 1250 erat
1526 1231 1548 1266 ,
1585 1196 1653 1251 et
1688 1181 1852 1252 urbs
1891 1186 2052 1254 Zeta
2088 1210 2140 1254 x
2180 1183 2338 1254 mill.
2382 1186 2628 1279 passib.
2676 1187 2758 1256 ab

608 1291 751 1383 ejus
794 1290 1025 1360 castris
1068 1287 1299 1358 aberat
1322 1341 1343 1376 ,
1360 1345 1365 1350 .
1382 1312 1423 1356 a
1472 1289 1736 1358 Caesare
1779 1303 2004 1360 autem
2046 1314 2183 1360 x111
2225 1289 2386 1360 mill.
2431 1317 2608 1387 pass,
2647 1318 2755 1362 re-

608 1411 838 1480 mota3
881 1396 1061 1465 unde
1096 1383 1297 1488 igitur
1310 1439 1317 1448 -
1332 1395 1494 1464 situs
1515 1446 1535 1481 ‚
1565 1395 1624 1464 si
1652 1420 1790 1465 non
1824 1419 1952 1491 pro
1987 1411 2174 1467 certo
2199 1397 2382 1486 dari,
2416 1413 2490 1468 at
2511 1397 2754 1470 saltem

604 1503 922 1597 suspicari
956 1514 1193 1597 potest.
1222 1500 1397 1571 Vide
1432 1515 1664 1572 notam
1705 1515 1865 1575 tom.
1899 1526 1954 1574 11
1973 1555 1993 1590 ‚
2025 1528 2176 1599 pag.
2215 1507 2392 1600 492.

706 1931 804 2010 N.
824 1930 908 2011 B.
923 1931 1130 2008 Ante
1148 1955 1401 2039 quam
1422 1925 1790 2008 Iudicem
1817 1927 2038 2008 hunc
2054 1928 2744 2037 Geographicum‚

598 2049 701 2128 de
749 2050 1065 2154 integro
1087 2073 1417 2125 novum
1437 2105 1459 2146 ‚
1496 2063 1587 2124 et
1626 2047 1999 2126 maximis
2041 2045 2466 2128 laboribus
2509 2051 2748 2130 curis-

598 2197 758 2279 que
793 2165 1318 2272 diligentibus
1364 2162 1834 2244 absolutum
1873 2164 2454 2245 concludamus
2482 2225 2505 2266 .,
2559 2169 2743 2248 ulti-

582 2303 822 2366 'mum
849 2285 1054 2393 grati
1084 2285 1332 2362 animi
1360 2283 1658 2392 pignus
1676 2284 1956 2392 patriae
1986 2297 2169 2363 ante
2199 2285 2473 2363 omnia
2503 2289 2740 2365 caris-

592 2406 813 2486 simae
833 2399 1343 2483 offerendum
1364 2400 1706 2482 videtur.
1731 2403 2113 2505 Quamvis
2134 2405 2458 2482 enimin
2478 2407 2739 2514 primo

594 2524 839 2632 hujus
884 2519 1288 2602 Editionis
1336 2521 1748 2601 volumine
1791 2549 2073 2600 omnes
2116 2524 2426 2630 paginae
2473 2525 2738 2604 Gallo-

596 2670 779 2722 rum
809 2641 1249 2747 originem.,
1291 2666 1593 2741 mores.,
1628 2641 1862 2743 vitia,
1907 2643 2246 2721 virtutes
2283 2659 2363 2721 et
2399 2641 2732 2748 gloriam

595 2759 1125 2867 multiplicem
1160 2775 1600 2866 personent
1621 2817 1644 2856 ,
1673 2775 1945 2838 tamen
1969 2817 1992 2860 .,
2028 2777 2120 2838 ut
2151 2757 2358 2838 nihil
2397 2763 2730 2840 omnino

591 2877 1227 2988 praetermissum
1262 2869 1977 2985 nobis-‚objiciatur
2001 2935 2040 2977 a·
2062 2877 2308 2958 finem
2336 2882 2568 2986 operi
2597 2909 2729 2994 no-

589 3013 761 3076 stro
802 3012 881 3073 et
918 2993 1149 3103 quasi
1190 2993 1660 3074 coronidem
1686 2996 2114 3103 imponent
2141 2994 2326 3076 duae
2361 2997 2724 3080 disserta-

584 3115 886 3211 tione-5,
935 3139 1287 3222 quarum
1319 3114 1555 3219 -prior
1599 3113 1764 3222 jam
1813 3113 2124 3194 dudum
2177 3135 2372 3196 nota
2433 3118 2711 3198 Aldum

589 3233 1043 3312 Manutium
1080 3233 1410 3311 tertium
1432 3292 1454 3333 ‚
1493 3251 1574 3310 et
1602 3232 1845 3311 altera
1875 3236 2341 3342 nuperrime
2378 3265 2470 3315 ac
2498 3237 2720 3346 plene

588 3368 919 3432 tractata
951 3349 1069 3430 Cl.
1109 3352 1376 3428 virum
1409 3353 1538 3430 De
1577 3349 1941 3460 Golbe'ty,
1984 3369 2344 3433 auctores
2385 3355 2716 3434 luculen-

588 3487 717 3548 tos
754 3497 921 3577 prae
951 3495 1035 3547 se
1066 3467 1378 3547 ferunt:
1428 3467 1561 3546 illa
1599 3467 1699 3548 de
1729 3467 2120 3551 divisione
2144 3533 2164 3572 ‚
2191 3472 2362 3553 haec
2387 3471 2490 3554 de
2517 3472 2716 3552 urbi-

590 3587 743 3667 bus
771 3604 1133 3668 veterum
1161 3586 1608 3666 Galliarum
1639 3587 2016 3698 disputat.
