3017 5042
633 389 785 501 446
1333 416 2067 484 DISSERTATIO

631 562 820 617 esset.
856 550 1030 615 Ecce
1058 569 1238 614 nunc
1268 548 1763 621 Germanorum
1795 547 1988 617 nobis
2016 548 2282 641 tuguria
2306 547 2642 635 obtrudit,
2668 552 2784 643 qui

543 687 551 697 ·
628 654 833 722 modo
860 654 1815 746 Britannorum3Tacitumque
1843 668 2044 721 vocat
2069 652 2204 722 alta
2232 677 2423 741 voce,
2448 668 2525 722 ut
2552 653 2661 722 illa
2679 656 2788 723 de-

628 760 891 829 scribat.
932 764 1245 827 Attamen
1268 759 1498 828 Tacito
1525 758 1636 827 hic
1666 758 1832 827 nihil
1862 761 2107 853 negotii
2135 760 2526 855 est3quippe
2555 764 2670 855 qui
2703 762 2788 829 de

631 866 1010 953 Germani5‚
1028 890 1166 934 non
1189 864 1271 933 de
1288 863 1495 935 Gallis
1521 864 1774 934 dixerit.
1812 866 2064 935 Contra
2084 864 2408 950 habemus
2427 868 2788 948 Caesarem,

628 974 743 1067 qui
781 970 884 1040 Cl.
918 972 1231 1041 Dulaure
1263 970 1596 1065 elinguem
1641 970 1914 1058 reddat3
1963 997 2116 1040 nam
2163 996 2384 1041 mores
2431 971 2785 1043 Gallorum

621 1093 980 1173 postquam
1009 1079 1313 1173 exposuit
1332 1130 1351 1163 ,
1384 1075 1558 1146 illico
1596 1076 1858 1171 subjicit
1889 1103 1902 1144 :
1945 1107 1978 1142 <c
2015 1080 2334 1147 Germani
2365 1072 2663 1149 ⁴multum
2703 1080 2789 1149 ab

626 1186 760 1254 hac
797 1183 1279 1253 consuetudine
1313 1181 1655 1253 differunt.
1687 1213 1721 1247 >2
1769 1184 1860 1251 Et
1893 1186 2121 1278 paucis
2157 1185 2546 1255 intermissis
2576 1212 2594 1253 ε
2635 1216 2670 1251 α
2707 1189 2790 1255 In

638 1315 848 1359 annos
880 1288 1173 1384 singulos
1206 1287 1516 1384 gentibus
1557 1290 2210 1409 cognitionibusque,
2250 1316 2397 1384 quae
2439 1315 2578 1359 una
2609 1294 2790 1361 coie-

636 1410 817 1483 runt,
840 1412 1199 1491 quantum,
1227 1409 1295 1464 et
1324 1420 1457 1489 quo
1479 1393 1630 1465 loco
1662 1397 1877 1465 visum
1899 1410 1998 1465 est
2012 1398 2198 1491 ,agri
2227 1397 2533 1465 tiibuunt
2549 1412 2792 1493 ,atquc

636 1528 816 1572 anno
867 1516 1021 1596 post
1066 1500 1193 1569 alio
1234 1504 1516 1571 transire
1553 1517 1911 1595 cogunt.»
1962 1504 2282 1571 Germani
2322 1506 2550 1598 itaque
2611 1504 2792 1573 fliete

640 1608 1185 1703 quasinomadeS.
1209 1609 1473 1677 Caesar‘
1455 1633 1729 1703 insuper
1747 1632 2016 1679 causam
2029 1608 2237 1697 addit,
2247 1633 2369 1678 cur
2395 1609 2463 1677 id
2481 1609 2792 1695 fecerintt,

636 1740 725 1785 ne
752 1720 1148 1785 accuratius
1177 1714 1283 1785 ad
1275 1714 1576 1809 fiigora
1603 1730 1814 1809 atque
1835 1731 2048 1783 cestus
2069 1714 2398 1784 vitandos
2425 1716 2792 1805 oedzfi'cetzt.

640 1823 954 1916 Sequitur
982 1819 1211 1891 Gallos
1242 1846 1377 1889 non
1410 1820 1645 1889 eodem
1675 1820 1876 1890 modo
1913 1823 2046 1914 q'uo
2079 1823 2420 1909 Germani,
2449 1822 2569 1891 sed
2599 1822 2795 1918 longe

638 1929 906 1999 diverso
938 1918 1312 2004 aedificasse

746 2035 1139 2123 VitruviuS,
1178 2032 1289 2101 lib.
1334 2058 1393 2119 1,
1438 2058 1582 2129 cap.
1614 2058 1692 2121 2,
1725 2032 1808 2102 de
1845 2032 2262 2127 simplicitate
2301 2038 2546 2103 veteris
2585 2036 2794 2105 archi-

644 2157 917 2211 tecturae
956 2140 1288 2226 meminit,
1313 2139 1644 2233 dicitque:
1679 2169 1712 2203 <c
1734 2141 1895 2208 Haec
1923 2153 2143 2207 autem
2174 2166 2255 2209 ex
2288 2142 2397 2228 iis,
2423 2166 2574 2235 quae
2601 2168 2796 2237 supra

646 2250 910 2341 scriptae
948 2260 1133 2333 sunt,
1170 2245 1542 2340 originibus
1584 2246 1880 2314 instituta
1919 2270 2091 2333 esse,
2121 2248 2216 2315 sic
2259 2272 2616 2341 possumus
2655 2251 2796 2318 ani-

644 2354 1086 2440 madvertere,
1112 2351 1293 2446 quod
1338 2350 1423 2419 ad
1459 2351 1635 2421 hanc
1677 2350 1853 2421 diem
1883 2352 2258 2423 nationibus
2295 2354 2537 2423 exteris
2577 2380 2662 2423 ex
2702 2355 2796 2425 his

646 2460 843 2528 rebus
874 2457 1150 2528 aedificia
1174 2459 1702 2547 constituuntur,
1724 2473 1798 2526 ut
1825 2472 1925 2526 est
1952 2456 2205 2547 Gallia,
2231 2462 2555 2554 Hispania
2571 2516 2591 2549 ,
2613 2462 2796 2531 Lusi-

645 2563 1208 2660 tania,Aquitania
1224 2562 1555 2633 scandulis
1575 2564 1922 2651 robusteiS,
1943 2580 2059 2633 aut
2081 2570 2474 2637 stramentis
2499 2596 2536 2632 2>
2561 2568 2798 2637 Strabo

648 2676 740 2742 ait
771 2698 788 2741 ε
818 2674 978 2751 Τοὺς
1016 2663 1077 2738 δ’
1108 2672 1304 2749 οἴκους
1328 2674 1398 2737 ἐκ
1424 2662 1687 2738 σανίδων
1730 2670 1833 2737 καὶ
1869 2672 2095 2766 γέῤῥων
2128 2674 2336 2765 ἔχουσι
2364 2675 2669 2769 μεγάλους
2703 2675 2796 2742 θο-

646 2769 934 2867 λοειδεῒς,
962 2780 1178 2871 ὄροφον
1214 2778 1404 2845 πολὺν
1438 2772 1898 2855 ἐπιέάλλοντες.
1929 2779 2196 2873 Magnae
2226 2781 2428 2874 igitur
2458 2796 2654 2849 erant
2677 2781 2798 2849 do·-

650 2909 799 2954 mus
815 2884 1181 2955 secundum
1197 2883 1594 2953 Strabonem
1615 2910 1630 2951 :
1651 2882 1830 2977 quod
1851 2882 1936 2951 ad
1949 2882 2268 2978 reliquam
2292 2886 2798 2981 descriptionem

652 2991 919 3078 attinet,
936 2991 1148 3086 possis
1175 2990 1538 3060 etiamnum
1565 2991 1949 3058 innumeras
1983 2994 2559 3086 peregrinatorum
2587 3018 2803 3062 recen-

655 3098 1255 3165 tium;narrationes
1276 3095 1495 3191 legere
1512 3148 1530 3182 ,
1545 3097 1658 3189 qui
1678 3094 1816 3164 fere
1839 3096 2068 3164 eadem
2083 3096 2180 3165 -de
2199 3097 2514 3167 domibus
2532 3102 2802 3193 Campa·
2831 3156 2850 3163 -

655 3204 781 3273 niae
797 3216 1040 3272 nostrae
1060 3202 1381 3289 referant,
1400 3201 1586 3271 nullo
1601 3196 2000 3297 palatiorum
2023 3199 2426 3273 detrimento
2437 3258 2456 3289 ‚
2467 3206 2540 3273 in
2553 3206 2801 3299 quibus

658 3308 1010 3395 (Catalauni
1038 3300 1390 3401 praefcctus
1416 3358 1437 3397 ,
1486 3322 1556 3377 et
1599 3308 1782 3377 urbis
1830 3308 2254 3403 magistratus
2293 3311 2622 3391 habitant.
2663 3314 2802 3381 Nec

660 3414 1183 3491 tamenrinficias
1202 3410 1469 3502 iventii,
1501 3416 1831 3533 majorum
1869 3430 2254 3487 nostrorum
2293 3418 2800 3488 architecturam

653 3522 807 3591 sam
839 3520 1070 3605 fuisse,
1108 3546 1330 3616 quam-
1349 3516 1614 3591 adhuc
1597 3544 1666 3589 in
1689 3522 1970 3591 urbibus
1995 3522 2298 3617 plurimis
2324 3526 2539 3593 visere
2575 3527 2804 3619 possis,

660 3629 779 3697 ubi
795 3624 1048 3698 domus
1082 3626 1474 3747 plerumque
1519 3627 1848 3697 scandulis
1889 3643 1958 3698 et
1987 3627 2128 3698 luto
2157 3643 2528 3701 exstrucboe.
2567 3630 2802 3701 Procul

662 3736 881 3805 dubio
894 3733 1121 3804 Gallis=
1112 3760 1180 3803 si
1164 3726 1488 3819 theatra,
1506 3736 1562 3804 si
1589 3734 1868 3853 templa,
1899 3736 1951 3804 si
1973 3735 2218 3830 palatia
2247 3736 2550 3825 fuissent,
2575 3762 2802 3807 eorum

660 3842 747 3911 ad
788 3864 929 3911 nos
951 3840 1193 3911 rudera
1235 3834 1536 3935 quaedam
1580 3842 2088 3929 remansissent,
2115 3866 2270 3938 quoe·
2307 3858 2533 3915 tamen
2577 3844 2802 3914 nullibi

660 3950 1197 4043 conspiciuntur,
1236 3964 1310 4017 ut
1340 3943 1741 4019 deoedificiis
1759 3948 2154 4042 quibusdam
2182 3948 2439 4038 sileam,
2459 3950 2544 4019 de
2571 3950 2804 4045 quibus

662 4056 973 4161 nonsatis
992 4068 1269 4123 constat.
1291 4057 1666 4125 Pelloatier
1679 4070 1746 4124 et
1765 4056 2078 4125 Dulaure
2097 4058 2487 4151 opinantuia
2499 4058 2646 4127 haec
2667 4057 2806 4139 aedj-
