3017 5042
656 451 801 534 124
1095 402 1585 518 'NOTITIA
1640 445 2308 515 LITTERARIA

642 605 842 650 mone
872 594 1027 649 sunt
1051 595 1244 668 nota3
1274 595 1498 648 tamen
1529 578 1719 648 aliter
1751 579 2054 648 audimus
2081 603 2160 647 ea
2179 633 2198 666 ,
2227 602 2374 674 quae
2409 603 2634 648 rerum
2657 605 2796 650 no-

642 689 847 756 vitate
882 700 999 755 aut
1032 686 1471 756 admiratione
1510 711 1634 754 nos
1669 687 1974 780 capiunt3
2007 684 2233 772 aliter,
2263 711 2408 779 quae
2436 711 2562 780 pro
2597 689 2794 756 testi-

644 794 870 862 monio
894 817 1127 862 sumus
1144 793 1403 863 dicturi.
1430 823 1467 858 ι)
1492 793 1870 861 Dictionem
1892 795 2131 860 merito
2145 795 2346 860 etiam
2363 792 2801 862 commendat

642 903 871 969 Justus
904 901 1168 994 Lipsius
1186 901 1279 986 ,Τ
1282 901 1434 968 aciti
1464 899 1505 967 l.
1541 901 1644 983 II,
1675 897 1912 966 Annal.
1941 901 2246 984 Hitw'us,
2285 899 2531 992 inquit,
2563 904 2797 968 tersis-

638 1012 813 1075 sz'mo
856 1006 1021 1075 belle·
1052 1007 1294 1098 Afiici
1322 1006 1900 1075 commentariolo.
1941 1005 2228 1074 Videtur
2265 1019 2492 1074 tamen
2535 1007 2802 1074 Hirtius

642 1137 780 1181 non
817 1115 937 1181 ista
972 1110 1187 1180 solum
1220 1113 1590 1207 scripsisse,
1617 1111 1745 1180 sed
1776 1133 2187 1206 quaecunque
2211 1113 2435 1180 Caesar
2467 1125 2620 1205 post
2653 1110 2797 1180 bel·

642 1217 781 1289 lum
820 1217 1153 1288 Gallicum
1184 1220 1489 1313 gessisset
1534 1241 1740 1311 usque
1769 1217 1855 1285 ad
1895 1215 2099 1285 finem
2131 1218 2300 1286 vitoe.
2330 1219 2510 1286 Nam
2546 1217 2799 1286 ibidem

642 1323 823 1419 legas
856 1351 871 1392 ε
914 1354 948 1388 t<
981 1326 1356 1395 Novissime
1384 1325 1774 1420 imperfecta
1803 1323 1890 1391 ab
1924 1324 2122 1392 rebus
2147 1325 2348 1418 gestis
2379 1322 2800 1393 Alexandriae

646 1431 937 1518 confeci,
978 1457 1187 1525 usque
1225 1431 1309 1500 ad
1340 1434 1624 1516 exitum,
1653 1455 1791 1498 non
1827 1429 2096 1524 quidem
2127 1428 2334 1498 civilis
2369 1429 2802 1500 dissensionis

644 1540 833 1631 cujus
858 1537 1061 1606 finem
1100 1538 1354 1607 nullum
1393 1539 1731 1624 videmm,
1767 1535 1883 1606 sed
1923 1538 2074 1605 vitae
2114 1538 2410 1606 Caesaris.
2455 1566 2490 1601 n
2537 1539 2799 1605 Verum

646 1658 845 1738 put0,
888 1647 943 1714 si
980 1644 1128 1713 libri
1170 1645 1253 1713 de
1298 1643 1473 1714 bello
1519 1644 1939 1738 Hispaniensi
1971 1641 2268 1736 ejusdem
2303 1658 2522 1713 essent
2565 1657 2800 1712 aucto-

644 1752 771 1835 ris;
816 1752 914 1820 uti
942 1749 1215 1839 Gallici,
1258 1751 1720 1835 Alexandrini,
1757 1765 1827 1818 et
1851 1748 2146 1817 Africani
2185 1747 2380 1837 belli,
2420 1751 2512 1818 ita
2553 1751 2800 1844 Hispa-

646 1857 889 1926 niensis
904 1860 1104 1925 etiam
1126 1858 1427 1928 disertim
1442 1857 1864 1926 meminisset.
1884 1857 2028 1925 Nec
2048 1855 2214 1924 liber
2227 1856 2282 1924 is
2299 1853 2478 1923 aliud
2497 1855 2801 1943 videtur,

646 1987 847 2057 quam
870 1965 1243 2058 ephemeris
1266 1991 1281 2032 :
1306 1979 1383 2034 ut
1403 1978 1560 2033 sunt
1581 1977 1974 2056 argumenta
1993 1960 2101 2030 illa
2117 2016 2136 2048 ,
2165 1961 2432 2031 Eodem
2456 1978 2796 2058 tempore,

645 2069 944 2160 ejusdem
973 2071 1115 2140 diei
1140 2087 1463 2167 tempore,
1498 2067 1865 2163 similiaque
1882 2122 1901 2155 ,
1931 2092 2076 2162 quoe
2103 2069 2193 2136 ibi
2219 2057 2604 2137 occurrunt.
2635 2071 2689 2136 F
2689 2095 2802 2138 or·-

646 2189 817 2244 tasse
860 2191 959 2244 est
990 2176 1199 2244 Balbi.
1693 2250 1699 2256 ,

754 2285 927 2352 Sane
982 2287 1338 2353 Commta
1386 2285 1606 2352 Bam
1663 2280 2156 2376 ephemeridem
2208 2279 2436 2350 laudat
2483 2281 2802 2372 Sidonius

644 2386 813 2456 libro
841 2390 977 2476 IX,
1013 2388 1291 2484 epistola
1320 2385 1460 2457 xw.
1498 2393 1703 2480 Quis,
1746 2389 1992 2482 inquit,
2023 2389 2239 2458 Balbi
2269 2391 2341 2457 E
2327 2388 2798 2484 phemeridem

620 2493 871 2584 fando
908 2494 1431 2590 adaequaverit?
1466 2499 1639 2564 Eum
1671 2509 1896 2564 autem
1935 2509 2118 2589 gesta
2147 2496 2428 2565 Caesaris
2463 2496 2798 2590 signasse,

645 2598 892 2670 indicat
932 2603 1285 2671 Suetonius
1317 2604 1386 2672 in
1421 2605 1459 2670 J
1462 2601 1578 2670 ulii
1619 2603 1790 2687 vita,
1825 2625 1970 2696 cap.
2020 2601 2062 2672 8
2084 2625 2106 2670 ι
2151 2627 2167 2668 :
2215 2629 2251 2665 t(
2293 2601 2503 2694 Cujus
2543 2603 2674 2690 rei,
2709 2627 2799 2670 ne
2847 2633 2850 2635 “

646 2708 793 2800 quis
838 2707 1209 2778 fabulosam
1242 2724 1359 2777 aut
1392 2709 1915 2778 commentitiam
1953 2720 2181 2801 putet,
2213 2720 2450 2776 auctor
2485 2723 2584 2777 est
2626 2709 2798 2778 Cor·

648 2811 858 2884 nelius
887 2814 1133 2885 Balbus
1160 2815 1704 2884 familiarissimus
1737 2815 2032 2884 Caesaris.
2082 2843 2116 2878 >³
2157 2815 2370 2908 Atque
2409 2813 2569 2885 olim
2597 2816 2800 2884 exsti-

556 3000 568 3010 ·
640 2935 785 2989 tere
827 2923 1106 2990 Caesaris
1150 2921 1233 2990 ad
1274 2922 1455 2991 hunc
1493 2921 1776 2990 Balbum
1822 2918 2251 3016 epistolarum
2278 2918 2462 3008 libri,
2507 2919 2798 2989 familia-

648 3028 857 3096 ritatis
902 3029 1088 3096 istius
1124 3027 1409 3115 indices,
1443 3042 1612 3096 teste
1653 3026 1872 3098 Gellio
1915 3026 2023 3097 lib.
2068 3028 2308 3113 XVII,
2353 3051 2494 3121 cap.
2539 3051 2607 3122 9.

752 3131 882 3200 Sed
928 3135 981 3202 si
1022 3132 1208 3202 Balbi
1250 3131 1645 3229 Ephemeris
1688 3159 1822 3202 non
1870 3134 1989 3222 sit,
2031 3135 2306 3226 omnino
2349 3146 2584 3202 auctor
2625 3132 2800 3204 illius

648 3237 849 3308 fuerit
885 3241 960 3308 C.
997 3241 1270 3310 Oppms
1290 3294 1309 3326 ,
1344 3240 1429 3309 ab
1464 3239 1801 3310 nonnullis
1825 3241 2230 3309 existimatus
2257 3255 2492 3310 auctor
2523 3265 2798 3328 eorum,

646 3369 793 3438 quae
828 3347 1050 3414 Hirtio
1094 3347 1181 3414 ab
1225 3345 1365 3416 aliis
1408 3348 1898 3433 tribuerentur3
1940 3346 2502 3440 quemadmodum
2547 3349 2796 3416 Sueto-

644 3451 793 3520 nius
826 3454 896 3520 in
935 3455 973 3520 J
976 3451 1111 3521 ulio
1147 3452 1343 3523 docet
1384 3479 1530 3548 cap.
1583 3451 1680 3524 56
1713 3479 1730 3521 :
1767 3452 1948 3547 quod
1985 3452 2139 3522 inde
2170 3454 2554 3548 provenisse
2589 3468 2795 3546 puta-

646 3582 830 3646 muS,
865 3561 1018 3653 quia
1060 3559 1187 3628 alia
1224 3562 1514 3629 Hirtium
1533 3614 1552 3647 ‚
1585 3558 1712 3627 alia
1751 3560 2048 3652 Oppium
2071 3559 2396 3629 haberent
2425 3574 2792 3628 auctorem.

646 3665 824 3752 NoS,
863 3680 938 3734 ut
973 3665 1142 3751 dixi,
1188 3669 1478 3736 Hirtium
1522 3665 1717 3760 plane
1759 3680 2070 3760 putamus
2117 3667 2456 3761 scripsisse
2495 3665 2580 3734 de
2620 3663 2796 3736 bello

646 3770 907 3841 Gallico
930 3827 950 3860 ,
999 3772 1449 3842 Alexandrino
1504 3787 1574 3841 et
1623 3772 1971 3857 Africano;
2027 3775 2225 3842 unius
2275 3774 2453 3842 enim
2505 3774 2795 3842 auctoris

648 3903 789 3946 esse
818 3879 1025 3974 liquet
1056 3905 1071 3947 τ
1108 3879 1224 3949 sed
1252 3879 1335 3948 de
1368 3877 1544 3948 bello
1581 3861 2010 3976 Hispaniensi
2015 3933 2036 3966 ,
2073 3879 2253 3973 quod
2295 3879 2462 3948 alius
2491 3894 2592 3948 est
2625 3904 2794 3948 auc-

648 3985 842 4073 toris,
875 3985 980 4054 cui
1023 3988 1244 4080 potius
1271 3987 1674 4073 tribuamuS,
1709 4011 1911 4080 quam
1949 3987 2206 4082 Oppin,
2249 4011 2387 4057 non
2426 3985 2644 4054 video.
2681 3986 2798 4055 Sti-

646 4087 750 4159 lus
782 4093 922 4186 ejus
958 4091 1381 4163 duriusculus
1406 4108 1508 4163 est
1525 4147 1544 4181 ‚
1572 4107 1640 4162 et
1673 4107 1917 4184 ornatu
1949 4117 2182 4163 carens
2209 4119 2223 4162 :
2249 4117 2398 4187 quae
2433 4115 2630 4163 causa
2667 4105 2793 4178 est,
