3017 5042
638 444 849 513 VEL
901 443 1843 515 DISSERTATIONES.
2208 445 2308 543 93

294 573 390 644 Ad
441 597 588 645 eam
640 575 1059 662 distantiam,
1099 598 1340 671 nempe
1377 574 1463 643 ad
1510 577 1772 646 tertiam
1823 591 2080 671 partem
2123 577 2310 674 jugi,

209 681 497 752 convallis
533 697 708 771 erat,
748 705 949 776 quam
984 679 1175 776 palus
1216 681 1435 752 media
1469 681 1608 752 fere
1645 696 1854 752 totam
1896 685 2268 778 occupabat
2291 739 2312 773 ‚

206 789 247 858 si
282 791 531 884 Tur-pin
558 788 647 858 de
676 780 899 860 Crisse'
932 788 1133 858 fidem
1170 787 1640 877 adhibeamus,
1669 804 1736 858 et
1766 788 1941 859 ultra
1969 788 2306 862 olivetum.

204 895 378 984 Quod
410 898 465 964 si
498 896 583 964 ab
620 896 747 964 hac
789 893 1093 964 convalle
1134 893 1377 964 lineam
1409 909 1662 964 rectam
1701 895 1786 964 ad
1830 919 2013 964 mare
2057 896 2308 990 perdu-

200 1003 376 1089 xeriS,
392 1003 689 1097 primum
717 1003 845 1070 erit
870 1001 955 1070 ad
986 1003 1249 1070 tertiam
1271 1015 1564 1095 partem,
1594 999 1778 1072 locus
1802 1002 2309 1097 perimpeditus,

201 1131 295 1176 seu
311 1161 330 1195 ‚
375 1123 455 1176 ut
504 1107 653 1178 vult
700 1109 1145 1195 Guzlsclzardt,
1190 1107 1428 1176 lacuna
1467 1099 1609 1196 (un
1654 1101 1898 1197 ravin)
1931 1132 1972 1176 a
2007 1107 2308 1178 convalle

198 1236 375 1307 supra
415 1214 596 1288 dicta
634 1215 859 1284 exiens
896 1228 964 1284 et
1006 1228 1190 1283 recta
1229 1237 1632 1308 procurrens
1667 1214 1754 1284 ad
1788 1216 2058 1284 Uzitam
2083 1269 2103 1303 ,
2150 1239 2268 1284 seu
2287 1269 2308 1302 ‚

196 1333 259 1386 ut
302 1319 445 1388 vult
501 1324 761 1416 Turpia
797 1321 885 1390 de
940 1311 1192 1406 Cri-sse',
1238 1321 1346 1389 cui
1384 1345 1509 1414 ego
1556 1321 1912 1406 assentior,
1956 1319 2260 1416 virgultis
2289 1375 2309 1409 ,

196 1439 293 1494 aut
310 1425 501 1496 fossis
536 1429 825 1523 spatium
858 1426 1124 1521 aliquod
1162 1441 1542 1506 consertum
1569 1441 1724 1496 ante
1745 1429 2067 1522 Scipionis
2105 1427 2306 1522 legio-

197 1555 292 1600 nes
310 1585 328 1620 ,
369 1533 553 1627 quod
598 1534 724 1602 sibi
774 1533 1249 1630 impedimento
1288 1533 1430 1602 fore
1477 1533 1561 1601 ad
1599 1532 1776 1602 ultro
1817 1533 2306 1602 occurrendum

196 1639 391 1707 Caesar
416 1641 819 1710 existimavit
846 1633 942 1736 (c.
989 1633 1169 1730 58);
1198 1638 1467 1726 deinde,
1499 1639 1672 1708 inter
1705 1640 1836 1708 hoc
1872 1640 2303 1734 impedimen-

198 1755 315 1812 tum
355 1761 423 1815 et
450 1748 655 1816 maris
690 1745 908 1835 littus,
952 1748 1112 1816 urbs
1142 1749 1345 1816 Uzita
1384 1768 1585 1838 quam
1633 1745 1948 1814 tenebant
1981 1747 2306 1840 Scipionis

197 1849 495 1922 cohortes.
542 1851 827 1946 Reliqua
859 1853 1129 1922 demum
1154 1878 1308 1946 pars
1339 1849 1540 1944 hujus
1566 1849 1752 1920 lineae
1781 1876 1984 1946 quam
2009 1851 2096 1921 ad
2124 1877 2308 1922 mare

194 1952 436 2027 ductam
466 1959 780 2029 finximus
798 2013 818 2048 ‚
854 1961 1057 2028 armis
1093 1983 1323 2030 vacua.

280 2067 513 2136 Castra
555 2067 836 2136 Caesaris
872 2081 1063 2135 erant
1105 2069 1321 2162 posita
1355 2069 1530 2136 inter
1565 2064 1936 2161 Ruspinam
1979 2080 2049 2136 et
2088 2090 2304 2152 mare,

196 2168 337 2240 citra
367 2197 579 2244 cornu
614 2171 923 2242 dextrum
946 2175 1089 2268 jugi
1108 2198 1308 2268 supra
1344 2173 1533 2261 dicti,
1556 2188 1624 2242 et
1661 2172 1816 2242 inde
1841 2173 1928 2243 ad
1955 2197 2136 2242 mare
2160 2187 2300 2242 ten-

195 2271 428 2346 debant.
480 2281 719 2348 Castra
762 2294 984 2360 autem
1026 2281 1351 2374 Scipionis
1395 2279 1592 2374 longe
1635 2280 1720 2349 ab
1770 2281 1936 2350 urbe
1980 2281 2183 2350 Uzita
2221 2279 2307 2348 ad
2353 2319 2356 2321 Δ

198 2398 427 2472 partem
476 2385 758 2456 mediam
806 2385 1136 2480 planitiei,
1188 2386 1303 2456 sed
1356 2385 1637 2456 collibus
1686 2389 2042 2482 propiora3
2087 2400 2305 2456 castra

196 2488 357 2559 Jubae
400 2491 598 2587 paulo
642 2491 815 2561 infra
856 2493 1033 2561 inter
1053 2494 1430 2587 Scipionem
1472 2507 1540 2561 et
1570 2517 1772 2561 mare.

281 2598 633 2692 Postquam
676 2613 899 2670 autem
930 2624 1013 2668 ex
1042 2599 1399 2694 transfugis
1429 2599 1724 2684 hostium
1759 2612 2052 2667 mentem
2085 2602 2308 2668 Caesar

196 2697 551 2794 detexisset,
588 2720 657 2774 et
686 2704 772 2774 ad
794 2731 907 2776 eos
933 2707 1208 2801 propius
1235 2705 1554 2774 accedere
1589 2704 1989 2773 decrevisset
2017 2695 2306 2799 (quippe

198 2808 243 2874 ei
276 2811 509 2880 auxilia
558 2827 881 2884 venerant
910 2805 975 2900 );
1008 2813 1299 2907 primum
1318 2865 1337 2900 ,
1377 2811 1613 2880 urbem
1665 2811 2038 2904 Ruspinam
2087 2811 2306 2879 media

196 2931 368 2986 nocte
400 2943 553 2988 cum
595 2919 986 2988 cohortibus
1021 2933 1089 2988 et
1116 2920 1413 3012 equitatu
1458 2912 1723 3005 transit,
1751 2916 1990 2985 deinde
2031 2916 2116 2986 ad
2147 2916 2302 2986 dex·

198 3032 351 3092 trum
382 3023 552 3094 latus
588 3027 1023 3096 conversione
1062 3026 1239 3095 facta
1280 3050 1401 3120 per
1440 3039 1792 3119 angustam
1828 3021 2070 3091 vallem
2085 3076 2104 3110 ,
2131 3015 2304 3118 par-

196 3131 392 3201 valam
402 3133 915 3226 procllbitatem
928 3185 953 3218 ,
981 3133 1157 3201 intra
1176 3132 1413 3202 urbem
1444 3146 1514 3200 et
1539 3145 1800 3200 montes
1829 3129 1916 3201 ad
1945 3154 2131 3198 mare
2161 3138 2302 3200 ten'-

195 3231 275 3303 dit
302 3229 419 3326 (c.
447 3230 608 3334 37).
652 3241 889 3308 Postea
918 3240 1141 3308 sinisti
1140 3263 1369 3308 orsum
1410 3236 1612 3308 colles
1651 3235 1948 3308 ascendit
1985 3252 2304 3331 occupat·

194 3364 337 3434 que,
374 3345 459 3414 ad
500 3343 769 3416 castella
803 3370 949 3439 quae
988 3345 1073 3414 ab
1111 3345 1415 3414 hostibus
1458 3359 1794 3414 exstincta
1833 3344 1904 3410 in
1946 3344 2306 3414 verticibus

193 3449 433 3519 collium
457 3465 813 3546 utramque
830 3451 1147 3522 convallis
1171 3476 1373 3546 supra
1389 3450 1582 3521 dictae
1594 3465 1858 3570 partem
1884 3450 2302 3536 muniebant3

191 3553 325 3625 dein
360 3583 563 3654 opere
596 3556 965 3652 legionibus
990 3557 1334 3653 dispertito
1369 3558 1770 3626 munitiones
1807 3557 1878 3624 in
1916 3555 2047 3624 hoc
2086 3571 2307 3626 tractu

192 3660 435 3734 collium
472 3664 793 3734 inchoare
828 3665 1020 3759 jubet
1060 3659 1251 3753 (vide
1289 3680 1520 3733 notam
1573 3690 1660 3753 2,
1703 3689 1759 3732 c.
1809 3661 1948 3749 38,
1981 3659 2125 3730 -.vol
2171 3656 2390 3750 11).-

192 3767 375 3840 Linea
415 3796 619 3860 vere,
664 3795 867 3865 quam
914 3773 1221 3858 tenebat,
1261 3771 1327 3839 in
1370 3717 1852 3864 longitudinem
1902 3768 2172 3862 patebat
2205 3772 2306 3838 VI

192 3876 325 3946 mill.
348 3903 521 3975 pasS.
566 3868 661 3966 (c.
692 3869 851 3968 38).
882 3879 973 3947 At
996 3879 1213 3972 prima
1236 3877 1385 3946 luce
1399 3877 1705 3964 ‚hosteS‚
1734 3899 1938 3971 penes
1965 3899 2130 3967 quos
2168 3874 2306 3970 pla-

188 3984 356 4055 nities
400 3999 547 4054 tota
584 3999 760 4072 erat,
803 3984 1100 4054 Labieno
1138 3984 1307 4068 duce
1329 4036 1348 4071 ‚
1376 4007 1531 4052 eum
1573 4009 1610 4052 e
1654 3982 1804 4050 loco
1845 3979 2200 4050 deturbare
2237 3998 2305 4052 et

187 4094 571 4170 munitiones
589 4092 911 4187 incoeptas
929 4092 1414 4184 interrumpere
1440 4113 1650 4182 quum
1673 4089 2053 4158 statuissent
2067 4141 2087 4177 ‚
2109 4114 2146 4157 e
2172 4092 2320 4176 suis,
