<?xml version="1.0" encoding="UTF-8"?>
<!DOCTYPE html PUBLIC "-//W3C//DTD XHTML 1.0 Transitional//EN"
    "http://www.w3.org/TR/xhtml1/DTD/xhtml1-transitional.dtd">
<html xmlns="http://www.w3.org/1999/xhtml" xml:lang="en" lang="en">
 <head>
  <title>
</title>
<meta http-equiv="Content-Type" content="text/html;charset=utf-8" />
  <meta name='ocr-system' content='tesseract 3.04.00' />
  <meta name='ocr-capabilities' content='ocr_page ocr_carea ocr_par ocr_line ocrx_word'/>
</head>
<body>
  <div class='ocr_page' id='page_1' title='image "./caiusjuliuscsar01unkngoog/caiusjuliuscsar01unkngoog_0360.png"; bbox 0 0 3017 5042; ppageno 0'>
   <div class='ocr_carea' id='block_1_1' title="bbox 847 439 2344 514">
    <p class='ocr_par' dir='ltr' id='par_1_1' title="bbox 847 439 2344 514">
     <span class='ocr_line' id='line_1_1' title="bbox 847 439 2344 514; baseline 0.002 -3"><span class='ocrx_word' id='word_1_1' title='bbox 847 439 1718 511; x_wconf 84' lang='lat' dir='ltr'>GEOGRAPHICUS.</span> <span class='ocrx_word' id='word_1_2' title='bbox 2204 440 2344 514; x_wconf 85' lang='lat'><strong>351</strong></span> 
     </span>
    </p>
   </div>
   <div class='ocr_carea' id='block_1_2' title="bbox 210 572 2374 4187">
    <p class='ocr_par' dir='ltr' id='par_1_2' title="bbox 210 572 2366 2054">
     <span class='ocr_line' id='line_1_2' title="bbox 212 572 2352 666; baseline 0 -22"><span class='ocrx_word' id='word_1_3' title='bbox 212 574 562 645; x_wconf 89' lang='lat' dir='ltr'><strong>Chronicis</strong></span> <span class='ocrx_word' id='word_1_4' title='bbox 602 598 616 639; x_wconf 77' lang='grc' dir='ltr'>ε</span> <span class='ocrx_word' id='word_1_5' title='bbox 662 573 985 642; x_wconf 83' lang='lat' dir='ltr'><em>Tolosam</em></span> <span class='ocrx_word' id='word_1_6' title='bbox 1006 625 1027 658; x_wconf 91' lang='lat'>,</span> <span class='ocrx_word' id='word_1_7' title='bbox 1084 573 1431 642; x_wconf 82' lang='lat' dir='ltr'><em>Santones</em></span> <span class='ocrx_word' id='word_1_8' title='bbox 1450 623 1472 657; x_wconf 90' lang='lat'>,</span> <span class='ocrx_word' id='word_1_9' title='bbox 1521 572 1956 666; x_wconf 82' lang='lat' dir='ltr'><strong>reliquasque</strong></span> <span class='ocrx_word' id='word_1_10' title='bbox 1997 579 2308 646; x_wconf 55' lang='lat' dir='ltr'><strong>cebetates</strong></span> <span class='ocrx_word' id='word_1_11' title='bbox 2328 630 2352 664; x_wconf 90' lang='lat'>‚</span> 
     </span>
     <span class='ocr_line' id='line_1_3' title="bbox 210 677 2360 776; baseline 0 -25"><span class='ocrx_word' id='word_1_12' title='bbox 210 705 607 776; x_wconf 80' lang='lat' dir='ltr'><strong>omnemque</strong></span> <span class='ocrx_word' id='word_1_13' title='bbox 632 695 887 750; x_wconf 80' lang='lat' dir='ltr'><strong>terram</strong></span> <span class='ocrx_word' id='word_1_14' title='bbox 918 678 1380 773; x_wconf 81' lang='lat' dir='ltr'><strong>Aquitaniam</strong></span> <span class='ocrx_word' id='word_1_15' title='bbox 1406 677 1812 772; x_wconf 72' lang='lat' dir='ltr'><strong>subjugavit.</strong></span> <span class='ocrx_word' id='word_1_16' title='bbox 1860 681 1983 748; x_wconf 88' lang='lat' dir='ltr'><strong>Est</strong></span> <span class='ocrx_word' id='word_1_17' title='bbox 2008 696 2231 751; x_wconf 81' lang='lat' dir='ltr'><strong>autem</strong></span> <span class='ocrx_word' id='word_1_18' title='bbox 2263 706 2360 752; x_wconf 84' lang='lat' dir='ltr'><strong>au</strong></span> 
     </span>
     <span class='ocr_line' id='line_1_4' title="bbox 210 779 2360 882; baseline 0.001 -25"><span class='ocrx_word' id='word_1_19' title='bbox 210 783 479 858; x_wconf 63' lang='lat' dir='ltr'><strong>diocese</strong></span> <span class='ocrx_word' id='word_1_20' title='bbox 518 787 607 856; x_wconf 79' lang='lat' dir='ltr'><strong>de</strong></span> <span class='ocrx_word' id='word_1_21' title='bbox 656 789 1081 880; x_wconf 80' lang='lat' dir='ltr'><strong>Comminges</strong></span> <span class='ocrx_word' id='word_1_22' title='bbox 1098 837 1120 871; x_wconf 90' lang='lat'>‚</span> <span class='ocrx_word' id='word_1_23' title='bbox 1166 779 1333 880; x_wconf 65' lang='lat' dir='ltr'><strong>pres</strong></span> <span class='ocrx_word' id='word_1_24' title='bbox 1366 785 1455 854; x_wconf 85' lang='lat' dir='ltr'><strong>de</strong></span> <span class='ocrx_word' id='word_1_25' title='bbox 1494 789 1720 854; x_wconf 72' lang='lat' dir='ltr'><strong>Bieuoe</strong></span> <span class='ocrx_word' id='word_1_26' title='bbox 1741 839 1764 874; x_wconf 94' lang='lat'><strong><em>,</em></strong></span> <span class='ocrx_word' id='word_1_27' title='bbox 1817 786 2235 882; x_wconf 63' lang='lat' dir='ltr'><strong>usti-agant</strong></span> <span class='ocrx_word' id='word_1_28' title='bbox 2271 789 2360 860; x_wconf 82' lang='lat' dir='ltr'><strong>de</strong></span> 
     </span>
     <span class='ocr_line' id='line_1_5' title="bbox 222 891 2359 990; baseline 0 -26"><span class='ocrx_word' id='word_1_29' title='bbox 222 897 557 964; x_wconf 80' lang='lat' dir='ltr'><strong>Toulouse</strong></span> <span class='ocrx_word' id='word_1_30' title='bbox 571 947 593 981; x_wconf 89' lang='lat'>,</span> <span class='ocrx_word' id='word_1_31' title='bbox 642 917 855 988; x_wconf 85' lang='lat' dir='ltr'>pagus</span> <span class='ocrx_word' id='word_1_32' title='bbox 890 891 1161 986; x_wconf 90' lang='lat' dir='ltr'><strong>quidam</strong></span> <span class='ocrx_word' id='word_1_33' title='bbox 1196 892 1467 960; x_wconf 88' lang='lat' dir='ltr'><strong>nomine</strong></span> <span class='ocrx_word' id='word_1_34' title='bbox 1506 894 1862 962; x_wconf 82' lang='lat' dir='ltr'><strong>Santenac</strong></span> <span class='ocrx_word' id='word_1_35' title='bbox 1873 945 1895 979; x_wconf 89' lang='lat'>,</span> <span class='ocrx_word' id='word_1_36' title='bbox 1937 895 2053 987; x_wconf 92' lang='lat' dir='ltr'><strong>qui</strong></span> <span class='ocrx_word' id='word_1_37' title='bbox 2086 894 2359 990; x_wconf 88' lang='lat' dir='ltr'><strong>quidem</strong></span> 
     </span>
     <span class='ocr_line' id='line_1_6' title="bbox 214 1000 2360 1097; baseline 0 -27"><span class='ocrx_word' id='word_1_38' title='bbox 214 1027 369 1070; x_wconf 89' lang='lat' dir='ltr'><strong>cum</strong></span> <span class='ocrx_word' id='word_1_39' title='bbox 409 1002 621 1070; x_wconf 90' lang='lat' dir='ltr'><strong>nostri</strong></span> <span class='ocrx_word' id='word_1_40' title='bbox 656 1000 946 1069; x_wconf 87' lang='lat' dir='ltr'><strong>auctoris</strong></span> <span class='ocrx_word' id='word_1_41' title='bbox 985 1011 1301 1068; x_wconf 78' lang='lat' dir='ltr'><strong>contextu</strong></span> <span class='ocrx_word' id='word_1_42' title='bbox 1333 1001 1636 1094; x_wconf 91' lang='lat' dir='ltr'><strong>apprime</strong></span> <span class='ocrx_word' id='word_1_43' title='bbox 1677 1001 2268 1097; x_wconf 58' lang='lat' dir='ltr'><strong>consentit2atque</strong></span> <span class='ocrx_word' id='word_1_44' title='bbox 2304 1005 2360 1071; x_wconf 86' lang='lat' dir='ltr'><strong>si</strong></span> 
     </span>
     <span class='ocr_line' id='line_1_7' title="bbox 214 1102 2356 1200; baseline 0 -23"><span class='ocrx_word' id='word_1_45' title='bbox 214 1134 353 1177; x_wconf 91' lang='lat' dir='ltr'><strong>non</strong></span> <span class='ocrx_word' id='word_1_46' title='bbox 387 1109 749 1177; x_wconf 85' lang='lat' dir='ltr'><strong>certissime</strong></span> <span class='ocrx_word' id='word_1_47' title='bbox 768 1159 789 1194; x_wconf 90' lang='lat'>‚</span> <span class='ocrx_word' id='word_1_48' title='bbox 825 1120 893 1174; x_wconf 90' lang='lat' dir='ltr'><strong>at</strong></span> <span class='ocrx_word' id='word_1_49' title='bbox 930 1102 1161 1174; x_wconf 85' lang='lat' dir='ltr'><strong>saltem</strong></span> <span class='ocrx_word' id='word_1_50' title='bbox 1202 1103 1638 1200; x_wconf 85' lang='lat' dir='ltr'><strong>probabiliter</strong></span> <span class='ocrx_word' id='word_1_51' title='bbox 1686 1107 1842 1176; x_wconf 88' lang='lat' dir='ltr'><strong>satis</strong></span> <span class='ocrx_word' id='word_1_52' title='bbox 1894 1106 2144 1178; x_wconf 85' lang='lat' dir='ltr'><strong>indicat</strong></span> <span class='ocrx_word' id='word_1_53' title='bbox 2191 1111 2356 1178; x_wconf 84' lang='lat' dir='ltr'><strong>San-</strong></span> 
     </span>
     <span class='ocr_line' id='line_1_8' title="bbox 214 1211 2358 1308; baseline 0.001 -26"><span class='ocrx_word' id='word_1_54' title='bbox 214 1229 402 1284; x_wconf 89' lang='lat' dir='ltr'><strong>tones</strong></span> <span class='ocrx_word' id='word_1_55' title='bbox 442 1217 510 1282; x_wconf 92' lang='lat' dir='ltr'><strong>in</strong></span> <span class='ocrx_word' id='word_1_56' title='bbox 552 1214 683 1283; x_wconf 92' lang='lat' dir='ltr'><strong>hac</strong></span> <span class='ocrx_word' id='word_1_57' title='bbox 714 1214 985 1308; x_wconf 86' lang='lat' dir='ltr'><strong>regione</strong></span> <span class='ocrx_word' id='word_1_58' title='bbox 1016 1211 1175 1280; x_wconf 90' lang='lat' dir='ltr'><strong>olim</strong></span> <span class='ocrx_word' id='word_1_59' title='bbox 1212 1212 1535 1281; x_wconf 86' lang='lat' dir='ltr'><strong>exstitisse</strong></span> <span class='ocrx_word' id='word_1_60' title='bbox 1551 1264 1572 1299; x_wconf 90' lang='lat'>‚</span> <span class='ocrx_word' id='word_1_61' title='bbox 1601 1213 1740 1281; x_wconf 91' lang='lat' dir='ltr'><strong>sive</strong></span> <span class='ocrx_word' id='word_1_62' title='bbox 1769 1237 1924 1283; x_wconf 90' lang='lat' dir='ltr'><strong>cum</strong></span> <span class='ocrx_word' id='word_1_63' title='bbox 1953 1212 2094 1284; x_wconf 89' lang='lat' dir='ltr'><strong>aliis</strong></span> <span class='ocrx_word' id='word_1_64' title='bbox 2125 1214 2358 1286; x_wconf 86' lang='lat' dir='ltr'><strong>eadem</strong></span> 
     </span>
     <span class='ocr_line' id='line_1_9' title="bbox 215 1317 2358 1417; baseline 0.001 -28"><span class='ocrx_word' id='word_1_65' title='bbox 215 1323 467 1416; x_wconf 82' lang='lat' dir='ltr'><strong>origine</strong></span> <span class='ocrx_word' id='word_1_66' title='bbox 512 1321 895 1414; x_wconf 88' lang='lat' dir='ltr'><strong>conjuncti,</strong></span> <span class='ocrx_word' id='word_1_67' title='bbox 930 1319 1069 1388; x_wconf 87' lang='lat' dir='ltr'><strong>sive</strong></span> <span class='ocrx_word' id='word_1_68' title='bbox 1094 1317 1405 1412; x_wconf 84' lang='lat' dir='ltr'><strong>disjuncti</strong></span> <span class='ocrx_word' id='word_1_69' title='bbox 1437 1318 1734 1388; x_wconf 86' lang='lat' dir='ltr'><strong>fuissent.</strong></span> <span class='ocrx_word' id='word_1_70' title='bbox 1775 1322 1858 1388; x_wconf 95' lang='lat' dir='ltr'><strong>In</strong></span> <span class='ocrx_word' id='word_1_71' title='bbox 1889 1319 1998 1389; x_wconf 90' lang='lat' dir='ltr'><strong>lib.</strong></span> <span class='ocrx_word' id='word_1_72' title='bbox 2043 1345 2127 1391; x_wconf 92' lang='lat'><strong>111</strong></span> <span class='ocrx_word' id='word_1_73' title='bbox 2149 1375 2170 1410; x_wconf 89' lang='lat'>‚</span> <span class='ocrx_word' id='word_1_74' title='bbox 2210 1346 2358 1417; x_wconf 86' lang='lat' dir='ltr'><strong>cap.</strong></span> 
     </span>
     <span class='ocr_line' id='line_1_10' title="bbox 226 1424 2360 1522; baseline 0 -24"><span class='ocrx_word' id='word_1_75' title='bbox 226 1452 250 1498; x_wconf 90' lang='lat'>1</span> <span class='ocrx_word' id='word_1_76' title='bbox 276 1453 301 1497; x_wconf 94' lang='lat'>1</span> <span class='ocrx_word' id='word_1_77' title='bbox 324 1481 347 1513; x_wconf 86' lang='lat'>‚</span> <span class='ocrx_word' id='word_1_78' title='bbox 402 1429 729 1496; x_wconf 83' lang='lat' dir='ltr'><strong>Santones</strong></span> <span class='ocrx_word' id='word_1_79' title='bbox 784 1425 954 1494; x_wconf 89' lang='lat' dir='ltr'><strong>bene</strong></span> <span class='ocrx_word' id='word_1_80' title='bbox 1010 1449 1165 1495; x_wconf 90' lang='lat' dir='ltr'><strong>cum</strong></span> <span class='ocrx_word' id='word_1_81' title='bbox 1221 1424 1607 1494; x_wconf 86' lang='lat' dir='ltr'><strong>Pictonibus</strong></span> <span class='ocrx_word' id='word_1_82' title='bbox 1655 1425 2053 1522; x_wconf 83' lang='lat' dir='ltr'><strong>junguntur.</strong></span> <span class='ocrx_word' id='word_1_83' title='bbox 2109 1431 2360 1498; x_wconf 84' lang='lat' dir='ltr'><strong>Forsan</strong></span> 
     </span>
     <span class='ocr_line' id='line_1_11' title="bbox 213 1521 2358 1626; baseline 0.001 -23"><span class='ocrx_word' id='word_1_84' title='bbox 213 1532 361 1604; x_wconf 89' lang='lat' dir='ltr'><strong>loco</strong></span> <span class='ocrx_word' id='word_1_85' title='bbox 402 1535 603 1604; x_wconf 86' lang='lat' dir='ltr'><strong>citato</strong></span> <span class='ocrx_word' id='word_1_86' title='bbox 637 1525 787 1622; x_wconf 90' lang='lat' dir='ltr'><strong>(lib.</strong></span> <span class='ocrx_word' id='word_1_87' title='bbox 819 1556 881 1620; x_wconf 86' lang='lat'><strong>1,</strong></span> <span class='ocrx_word' id='word_1_88' title='bbox 912 1555 1058 1626; x_wconf 89' lang='lat' dir='ltr'><strong>cap.</strong></span> <span class='ocrx_word' id='word_1_89' title='bbox 1107 1521 1241 1617; x_wconf 88' lang='lat'><strong>10)</strong></span> <span class='ocrx_word' id='word_1_90' title='bbox 1271 1531 1478 1600; x_wconf 83' lang='lat' dir='ltr'><strong>verba</strong></span> <span class='ocrx_word' id='word_1_91' title='bbox 1504 1535 1919 1602; x_wconf 82' lang='lat' dir='ltr'><strong>contentioni</strong></span> <span class='ocrx_word' id='word_1_92' title='bbox 1955 1533 2243 1612; x_wconf 78' lang='lat' dir='ltr'><strong>obnoxia</strong></span> <span class='ocrx_word' id='word_1_93' title='bbox 2271 1537 2358 1604; x_wconf 90' lang='lat' dir='ltr'><strong>ab</strong></span> 
     </span>
     <span class='ocr_line' id='line_1_12' title="bbox 214 1636 2359 1736; baseline 0.002 -28"><span class='ocrx_word' id='word_1_94' title='bbox 214 1639 432 1736; x_wconf 87' lang='lat' dir='ltr'><strong>aliquo</strong></span> <span class='ocrx_word' id='word_1_95' title='bbox 479 1637 957 1734; x_wconf 88' lang='lat' dir='ltr'><strong>interpolatore</strong></span> <span class='ocrx_word' id='word_1_96' title='bbox 1001 1637 1227 1706; x_wconf 83' lang='lat' dir='ltr'><strong>addita</strong></span> <span class='ocrx_word' id='word_1_97' title='bbox 1275 1637 1548 1707; x_wconf 85' lang='lat' dir='ltr'><strong>fuerunt</strong></span> <span class='ocrx_word' id='word_1_98' title='bbox 1567 1687 1584 1722; x_wconf 90' lang='lat'><strong>,</strong></span> <span class='ocrx_word' id='word_1_99' title='bbox 1638 1636 1741 1707; x_wconf 86' lang='lat' dir='ltr'><strong>vel</strong></span> <span class='ocrx_word' id='word_1_100' title='bbox 1789 1654 1866 1707; x_wconf 89' lang='lat' dir='ltr'><strong>ut</strong></span> <span class='ocrx_word' id='word_1_101' title='bbox 1913 1655 2106 1736; x_wconf 89' lang='lat' dir='ltr'><strong>putat</strong></span> <span class='ocrx_word' id='word_1_102' title='bbox 2152 1642 2359 1714; x_wconf 88' lang='lat' dir='ltr'><strong>Hadr.</strong></span> 
     </span>
     <span class='ocr_line' id='line_1_13' title="bbox 215 1743 2365 1843; baseline 0.002 -27"><span class='ocrx_word' id='word_1_103' title='bbox 215 1746 432 1820; x_wconf 86' lang='lat' dir='ltr'><strong>Vales.</strong></span> <span class='ocrx_word' id='word_1_104' title='bbox 480 1771 603 1842; x_wconf 93' lang='lat' dir='ltr'><strong>pro</strong></span> <span class='ocrx_word' id='word_1_105' title='bbox 636 1769 777 1814; x_wconf 84' lang='lat' dir='ltr'><strong>non</strong></span> <span class='ocrx_word' id='word_1_106' title='bbox 816 1747 1021 1840; x_wconf 80' lang='lat' dir='ltr'><strong>longe</strong></span> <span class='ocrx_word' id='word_1_107' title='bbox 1037 1798 1059 1830; x_wconf 91' lang='lat'><strong><em>,</em></strong></span> <span class='ocrx_word' id='word_1_108' title='bbox 1103 1743 1507 1813; x_wconf 87' lang='lat' dir='ltr'><strong>audiendum</strong></span> <span class='ocrx_word' id='word_1_109' title='bbox 1547 1758 1646 1812; x_wconf 81' lang='lat' dir='ltr'><strong>est</strong></span> <span class='ocrx_word' id='word_1_110' title='bbox 1685 1767 1827 1813; x_wconf 84' lang='lat' dir='ltr'><strong>non</strong></span> <span class='ocrx_word' id='word_1_111' title='bbox 1862 1751 1966 1816; x_wconf 81' lang='lat' dir='ltr'><strong>ita</strong></span> <span class='ocrx_word' id='word_1_112' title='bbox 2010 1749 2214 1843; x_wconf 77' lang='lat' dir='ltr'><strong>longe</strong></span> <span class='ocrx_word' id='word_1_113' title='bbox 2229 1776 2259 1834; x_wconf 90' lang='lat'><em>;</em></span> <span class='ocrx_word' id='word_1_114' title='bbox 2297 1766 2365 1820; x_wconf 92' lang='lat' dir='ltr'><strong>et</strong></span> 
     </span>
     <span class='ocr_line' id='line_1_14' title="bbox 214 1850 2366 1951; baseline 0.002 -29"><span class='ocrx_word' id='word_1_115' title='bbox 214 1855 429 1949; x_wconf 86' lang='lat' dir='ltr'><strong>reipsa</strong></span> <span class='ocrx_word' id='word_1_116' title='bbox 468 1857 568 1939; x_wconf 77' lang='lat'><strong>40</strong></span> <span class='ocrx_word' id='word_1_117' title='bbox 597 1850 801 1922; x_wconf 84' lang='lat' dir='ltr'><strong>leucae</strong></span> <span class='ocrx_word' id='word_1_118' title='bbox 842 1876 981 1920; x_wconf 91' lang='lat' dir='ltr'><strong>non</strong></span> <span class='ocrx_word' id='word_1_119' title='bbox 1018 1850 1185 1918; x_wconf 87' lang='lat' dir='ltr'><strong>adeo</strong></span> <span class='ocrx_word' id='word_1_120' title='bbox 1222 1851 1562 1944; x_wconf 85' lang='lat' dir='ltr'><strong>ingentem</strong></span> <span class='ocrx_word' id='word_1_121' title='bbox 1598 1851 1978 1922; x_wconf 84' lang='lat' dir='ltr'><strong>distantiam</strong></span> <span class='ocrx_word' id='word_1_122' title='bbox 2000 1907 2021 1942; x_wconf 90' lang='lat'>‚</span> <span class='ocrx_word' id='word_1_123' title='bbox 2058 1871 2366 1951; x_wconf 91' lang='lat' dir='ltr'><strong>respectu</strong></span> 
     </span>
     <span class='ocr_line' id='line_1_15' title="bbox 214 1957 1099 2054; baseline -0.006 -24"><span class='ocrx_word' id='word_1_124' title='bbox 214 1975 413 2030; x_wconf 85' lang='lat' dir='ltr'><strong>tantae</strong></span> <span class='ocrx_word' id='word_1_125' title='bbox 458 1960 745 2054; x_wconf 83' lang='lat' dir='ltr'><strong>regionis</strong></span> <span class='ocrx_word' id='word_1_126' title='bbox 784 1957 1099 2028; x_wconf 87' lang='lat' dir='ltr'><strong>indicant.</strong></span> 
     </span>
    </p>

    <p class='ocr_par' dir='ltr' id='par_1_3' title="bbox 214 2056 2373 3655">
     <span class='ocr_line' id='line_1_16' title="bbox 318 2056 2362 2159; baseline 0.002 -22"><span class='ocrx_word' id='word_1_127' title='bbox 318 2070 680 2138; x_wconf 71' lang='lat' dir='ltr'><strong>SARDINIA</strong></span> <span class='ocrx_word' id='word_1_128' title='bbox 720 2067 967 2136; x_wconf 81' lang='lat' dir='ltr'><strong>Insula</strong></span> <span class='ocrx_word' id='word_1_129' title='bbox 1004 2056 1124 2152; x_wconf 87' lang='grc' dir='ltr'><strong>(Β.</strong></span> <span class='ocrx_word' id='word_1_130' title='bbox 1163 2065 1237 2133; x_wconf 91' lang='lat' dir='ltr'><strong>C.</strong></span> <span class='ocrx_word' id='word_1_131' title='bbox 1273 2061 1385 2132; x_wconf 92' lang='lat' dir='ltr'><strong>lib.</strong></span> <span class='ocrx_word' id='word_1_132' title='bbox 1420 2088 1483 2148; x_wconf 92' lang='lat'><strong>1,</strong></span> <span class='ocrx_word' id='word_1_133' title='bbox 1522 2088 1666 2159; x_wconf 88' lang='lat' dir='ltr'><strong>cap.</strong></span> <span class='ocrx_word' id='word_1_134' title='bbox 1713 2061 1811 2135; x_wconf 83' lang='lat'><strong>30</strong></span> <span class='ocrx_word' id='word_1_135' title='bbox 1837 2089 1856 2153; x_wconf 93' lang='lat'>;</span> <span class='ocrx_word' id='word_1_136' title='bbox 1884 2063 1924 2133; x_wconf 90' lang='lat' dir='ltr'><strong>l.</strong></span> <span class='ocrx_word' id='word_1_137' title='bbox 1956 2090 2069 2155; x_wconf 92' lang='lat'>111,</span> <span class='ocrx_word' id='word_1_138' title='bbox 2106 2093 2162 2138; x_wconf 90' lang='lat' dir='ltr'><strong>c.</strong></span> <span class='ocrx_word' id='word_1_139' title='bbox 2211 2063 2362 2159; x_wconf 88' lang='lat'><em>10).</em></span> 
     </span>
     <span class='ocr_line' id='line_1_17' title="bbox 215 2169 2366 2269; baseline 0.002 -27"><span class='ocrx_word' id='word_1_140' title='bbox 215 2177 401 2244; x_wconf 87' lang='lat' dir='ltr'><strong>Inter</strong></span> <span class='ocrx_word' id='word_1_141' title='bbox 441 2171 569 2269; x_wconf 82' lang='grc'><strong>390</strong></span> <span class='ocrx_word' id='word_1_142' title='bbox 592 2187 661 2242; x_wconf 92' lang='lat' dir='ltr'><strong>et</strong></span> <span class='ocrx_word' id='word_1_143' title='bbox 696 2171 827 2260; x_wconf 79' lang='grc' dir='ltr'><strong>4ιο</strong></span> <span class='ocrx_word' id='word_1_144' title='bbox 856 2170 965 2240; x_wconf 88' lang='lat' dir='ltr'><strong>lat.</strong></span> <span class='ocrx_word' id='word_1_145' title='bbox 1000 2169 1078 2239; x_wconf 89' lang='lat'><strong>6⁰</strong></span> <span class='ocrx_word' id='word_1_146' title='bbox 1106 2185 1175 2239; x_wconf 94' lang='lat' dir='ltr'><strong>et</strong></span> <span class='ocrx_word' id='word_1_147' title='bbox 1208 2169 1281 2266; x_wconf 90' lang='lat'><strong>7⁰</strong></span> <span class='ocrx_word' id='word_1_148' title='bbox 1309 2169 1486 2266; x_wconf 88' lang='lat' dir='ltr'><strong>long.</strong></span> <span class='ocrx_word' id='word_1_149' title='bbox 1524 2173 1680 2240; x_wconf 89' lang='lat' dir='ltr'><strong>Una</strong></span> <span class='ocrx_word' id='word_1_150' title='bbox 1707 2195 1744 2240; x_wconf 90' lang='lat' dir='ltr'><strong>e</strong></span> <span class='ocrx_word' id='word_1_151' title='bbox 1774 2187 2028 2266; x_wconf 85' lang='lat' dir='ltr'><strong>septem</strong></span> <span class='ocrx_word' id='word_1_152' title='bbox 2064 2178 2366 2248; x_wconf 83' lang='lat' dir='ltr'><strong>maximis</strong></span> 
     </span>
     <span class='ocr_line' id='line_1_18' title="bbox 214 2271 2370 2371; baseline 0.001 -21"><span class='ocrx_word' id='word_1_153' title='bbox 214 2281 693 2366; x_wconf 86' lang='lat' dir='ltr'><strong>Mediterranei</strong></span> <span class='ocrx_word' id='word_1_154' title='bbox 724 2280 955 2363; x_wconf 86' lang='lat' dir='ltr'><strong>maris,</strong></span> <span class='ocrx_word' id='word_1_155' title='bbox 990 2277 1267 2346; x_wconf 89' lang='lat' dir='ltr'><strong>Ptolem.</strong></span> <span class='ocrx_word' id='word_1_156' title='bbox 1308 2271 1565 2371; x_wconf 83' lang='grc' dir='ltr'>Σαρδὼ,</span> <span class='ocrx_word' id='word_1_157' title='bbox 1596 2293 1793 2347; x_wconf 90' lang='lat' dir='ltr'><strong>antea</strong></span> <span class='ocrx_word' id='word_1_158' title='bbox 1822 2281 2145 2350; x_wconf 74' lang='lat' dir='ltr'><strong>Ichnusa.</strong></span> <span class='ocrx_word' id='word_1_159' title='bbox 2192 2284 2370 2353; x_wconf 90' lang='lat' dir='ltr'><strong>Anti-</strong></span> 
     </span>
     <span class='ocr_line' id='line_1_19' title="bbox 216 2383 2370 2481; baseline 0.002 -25"><span class='ocrx_word' id='word_1_160' title='bbox 216 2388 517 2481; x_wconf 82' lang='lat' dir='ltr'><strong>quissimi</strong></span> <span class='ocrx_word' id='word_1_161' title='bbox 554 2386 753 2480; x_wconf 90' lang='lat' dir='ltr'><strong>hujus</strong></span> <span class='ocrx_word' id='word_1_162' title='bbox 782 2383 1012 2453; x_wconf 87' lang='lat' dir='ltr'><strong>insulae</strong></span> <span class='ocrx_word' id='word_1_163' title='bbox 1048 2383 1267 2454; x_wconf 88' lang='lat' dir='ltr'><strong>coloni</strong></span> <span class='ocrx_word' id='word_1_164' title='bbox 1294 2383 1480 2452; x_wconf 90' lang='lat' dir='ltr'><strong>fuere</strong></span> <span class='ocrx_word' id='word_1_165' title='bbox 1504 2385 1835 2478; x_wconf 84' lang='lat' dir='ltr'><strong>Tyrrheni</strong></span> <span class='ocrx_word' id='word_1_166' title='bbox 1861 2386 2160 2475; x_wconf 87' lang='lat' dir='ltr'><strong>barbari,</strong></span> <span class='ocrx_word' id='word_1_167' title='bbox 2193 2388 2370 2460; x_wconf 90' lang='lat' dir='ltr'><strong>dein-</strong></span> 
     </span>
     <span class='ocr_line' id='line_1_20' title="bbox 216 2469 2367 2586; baseline 0.004 -24"><span class='ocrx_word' id='word_1_168' title='bbox 216 2493 295 2562; x_wconf 90' lang='lat' dir='ltr'><strong>de</strong></span> <span class='ocrx_word' id='word_1_169' title='bbox 330 2492 708 2579; x_wconf 87' lang='lat' dir='ltr'><strong>Iolaenses,</strong></span> <span class='ocrx_word' id='word_1_170' title='bbox 750 2506 981 2586; x_wconf 87' lang='lat' dir='ltr'><strong>postea</strong></span> <span class='ocrx_word' id='word_1_171' title='bbox 1017 2489 1387 2584; x_wconf 88' lang='lat' dir='ltr'><strong>Diagebres</strong></span> <span class='ocrx_word' id='word_1_172' title='bbox 1429 2490 1607 2560; x_wconf 84' lang='lat' dir='ltr'><strong>dicti.</strong></span> <span class='ocrx_word' id='word_1_173' title='bbox 1651 2494 1892 2560; x_wconf 90' lang='lat' dir='ltr'><strong>Fertur</strong></span> <span class='ocrx_word' id='word_1_174' title='bbox 1930 2495 2105 2564; x_wconf 90' lang='lat' dir='ltr'><strong>enim</strong></span> <span class='ocrx_word' id='word_1_175' title='bbox 2144 2469 2367 2570; x_wconf 70' lang='lat' dir='ltr'><strong>Iolaus</strong></span> 
     </span>
     <span class='ocr_line' id='line_1_21' title="bbox 217 2593 2368 2692; baseline 0.002 -23"><span class='ocrx_word' id='word_1_176' title='bbox 217 2627 293 2670; x_wconf 87' lang='lat' dir='ltr'><strong>eo</strong></span> <span class='ocrx_word' id='word_1_177' title='bbox 323 2599 681 2669; x_wconf 82' lang='lat' dir='ltr'><strong>adduxisse</strong></span> <span class='ocrx_word' id='word_1_178' title='bbox 716 2598 1039 2692; x_wconf 90' lang='lat' dir='ltr'><strong>quosdam</strong></span> <span class='ocrx_word' id='word_1_179' title='bbox 1074 2593 1379 2665; x_wconf 90' lang='lat' dir='ltr'><strong>Herculis</strong></span> <span class='ocrx_word' id='word_1_180' title='bbox 1416 2594 1620 2682; x_wconf 84' lang='lat' dir='ltr'><strong>filios,</strong></span> <span class='ocrx_word' id='word_1_181' title='bbox 1650 2611 1732 2666; x_wconf 90' lang='lat' dir='ltr'><strong>et·</strong></span> <span class='ocrx_word' id='word_1_182' title='bbox 1754 2596 1844 2665; x_wconf 90' lang='lat' dir='ltr'><strong>ibi</strong></span> <span class='ocrx_word' id='word_1_183' title='bbox 1877 2625 2030 2668; x_wconf 92' lang='lat' dir='ltr'><strong>cum</strong></span> <span class='ocrx_word' id='word_1_184' title='bbox 2058 2602 2368 2679; x_wconf 83' lang='lat' dir='ltr'><strong>Barbaris</strong></span> 
     </span>
     <span class='ocr_line' id='line_1_22' title="bbox 215 2704 2370 2798; baseline 0 -24"><span class='ocrx_word' id='word_1_185' title='bbox 215 2708 640 2777; x_wconf 83' lang='lat' dir='ltr'><strong>inhabitasse.</strong></span> <span class='ocrx_word' id='word_1_186' title='bbox 690 2705 1270 2798; x_wconf 84' lang='lat' dir='ltr'><strong>Carthaginienses</strong></span> <span class='ocrx_word' id='word_1_187' title='bbox 1306 2717 1375 2770; x_wconf 90' lang='lat' dir='ltr'><strong>et</strong></span> <span class='ocrx_word' id='word_1_188' title='bbox 1414 2704 1722 2771; x_wconf 83' lang='lat' dir='ltr'><strong>Romani</strong></span> <span class='ocrx_word' id='word_1_189' title='bbox 1743 2727 1892 2773; x_wconf 88' lang='lat' dir='ltr'><strong>eam</strong></span> <span class='ocrx_word' id='word_1_190' title='bbox 1933 2707 2221 2776; x_wconf 87' lang='lat' dir='ltr'><strong>vicissim</strong></span> <span class='ocrx_word' id='word_1_191' title='bbox 2262 2737 2370 2782; x_wconf 83' lang='lat' dir='ltr'><strong>ce-</strong></span> 
     </span>
     <span class='ocr_line' id='line_1_23' title="bbox 217 2810 2370 2909; baseline 0.002 -26"><span class='ocrx_word' id='word_1_192' title='bbox 217 2827 469 2909; x_wconf 90' lang='lat' dir='ltr'><strong>perunt</strong></span> <span class='ocrx_word' id='word_1_193' title='bbox 487 2867 508 2902; x_wconf 90' lang='lat'>‚</span> <span class='ocrx_word' id='word_1_194' title='bbox 535 2837 745 2906; x_wconf 88' lang='lat' dir='ltr'><strong>usque</strong></span> <span class='ocrx_word' id='word_1_195' title='bbox 779 2811 865 2880; x_wconf 85' lang='lat' dir='ltr'><strong>ad</strong></span> <span class='ocrx_word' id='word_1_196' title='bbox 900 2826 1200 2904; x_wconf 78' lang='lat' dir='ltr'><strong>tempuS‚</strong></span> <span class='ocrx_word' id='word_1_197' title='bbox 1230 2834 1401 2902; x_wconf 86' lang='lat' dir='ltr'><strong>qu0,</strong></span> <span class='ocrx_word' id='word_1_198' title='bbox 1440 2810 1633 2878; x_wconf 88' lang='lat' dir='ltr'><strong>victis</strong></span> <span class='ocrx_word' id='word_1_199' title='bbox 1669 2810 2328 2904; x_wconf 85' lang='lat' dir='ltr'><strong>Carthaginiensibus</strong></span> <span class='ocrx_word' id='word_1_200' title='bbox 2350 2875 2370 2909; x_wconf 87' lang='lat'>‚</span> 
     </span>
     <span class='ocr_line' id='line_1_24' title="bbox 217 2916 2373 3014; baseline 0.003 -24"><span class='ocrx_word' id='word_1_201' title='bbox 217 2935 361 2990; x_wconf 85' lang='lat' dir='ltr'><strong>tota</strong></span> <span class='ocrx_word' id='word_1_202' title='bbox 404 2917 625 2988; x_wconf 86' lang='lat' dir='ltr'><strong>insula</strong></span> <span class='ocrx_word' id='word_1_203' title='bbox 661 2920 733 2986; x_wconf 90' lang='lat' dir='ltr'><strong>in</strong></span> <span class='ocrx_word' id='word_1_204' title='bbox 760 2931 1157 3014; x_wconf 87' lang='lat' dir='ltr'><strong>potestatem</strong></span> <span class='ocrx_word' id='word_1_205' title='bbox 1192 2917 1653 2985; x_wconf 88' lang='lat' dir='ltr'><strong>Romanorum</strong></span> <span class='ocrx_word' id='word_1_206' title='bbox 1691 2918 1890 2984; x_wconf 87' lang='lat' dir='ltr'><strong>venit.</strong></span> <span class='ocrx_word' id='word_1_207' title='bbox 1925 2916 2147 2989; x_wconf 92' lang='lat' dir='ltr'><strong>Tellus</strong></span> <span class='ocrx_word' id='word_1_208' title='bbox 2179 2947 2257 2992; x_wconf 87' lang='lat' dir='ltr'><strong>ea</strong></span> <span class='ocrx_word' id='word_1_209' title='bbox 2285 2925 2373 2996; x_wconf 88' lang='lat' dir='ltr'><strong>fe-</strong></span> 
     </span>
     <span class='ocr_line' id='line_1_25' title="bbox 217 3021 2370 3128; baseline 0 -32"><span class='ocrx_word' id='word_1_210' title='bbox 217 3053 335 3098; x_wconf 84' lang='lat' dir='ltr'><strong>rax</strong></span> <span class='ocrx_word' id='word_1_211' title='bbox 380 3041 571 3114; x_wconf 81' lang='lat' dir='ltr'><strong>erat3</strong></span> <span class='ocrx_word' id='word_1_212' title='bbox 610 3025 727 3094; x_wconf 85' lang='lat' dir='ltr'><strong>sed</strong></span> <span class='ocrx_word' id='word_1_213' title='bbox 772 3024 1054 3093; x_wconf 86' lang='lat' dir='ltr'><strong>bonitati</strong></span> <span class='ocrx_word' id='word_1_214' title='bbox 1096 3021 1220 3092; x_wconf 87' lang='lat' dir='ltr'><strong>soli</strong></span> <span class='ocrx_word' id='word_1_215' title='bbox 1268 3024 1650 3118; x_wconf 90' lang='lat' dir='ltr'><strong>oppositum</strong></span> <span class='ocrx_word' id='word_1_216' title='bbox 1697 3024 1933 3091; x_wconf 84' lang='lat' dir='ltr'><strong>vitium</strong></span> <span class='ocrx_word' id='word_1_217' title='bbox 1956 3076 1975 3108; x_wconf 88' lang='lat'>‚</span> <span class='ocrx_word' id='word_1_218' title='bbox 2019 3028 2198 3120; x_wconf 90' lang='lat' dir='ltr'><strong>quod</strong></span> <span class='ocrx_word' id='word_1_219' title='bbox 2247 3059 2370 3128; x_wconf 82' lang='lat' dir='ltr'><strong>per</strong></span> 
     </span>
     <span class='ocr_line' id='line_1_26' title="bbox 216 3129 2372 3224; baseline -0.006 -19"><span class='ocrx_word' id='word_1_220' title='bbox 216 3149 518 3205; x_wconf 85' lang='lat' dir='ltr'><strong>aestatem</strong></span> <span class='ocrx_word' id='word_1_221' title='bbox 550 3131 763 3202; x_wconf 89' lang='lat' dir='ltr'><strong>insula</strong></span> <span class='ocrx_word' id='word_1_222' title='bbox 802 3145 947 3200; x_wconf 88' lang='lat' dir='ltr'><strong>erat</strong></span> <span class='ocrx_word' id='word_1_223' title='bbox 984 3130 1316 3200; x_wconf 87' lang='lat' dir='ltr'><strong>morbosa.</strong></span> <span class='ocrx_word' id='word_1_224' title='bbox 1351 3129 1572 3198; x_wconf 92' lang='lat' dir='ltr'><strong>Urbes</strong></span> <span class='ocrx_word' id='word_1_225' title='bbox 1600 3131 1952 3224; x_wconf 80' lang='lat' dir='ltr'><strong>praecipuae</strong></span> <span class='ocrx_word' id='word_1_226' title='bbox 1989 3148 2146 3202; x_wconf 89' lang='lat' dir='ltr'><strong>sunt</strong></span> <span class='ocrx_word' id='word_1_227' title='bbox 2175 3139 2372 3208; x_wconf 85' lang='lat' dir='ltr'><strong>Cara.</strong></span> 
     </span>
     <span class='ocr_line' id='line_1_27' title="bbox 218 3234 2370 3332; baseline 0.004 -23"><span class='ocrx_word' id='word_1_228' title='bbox 218 3240 329 3331; x_wconf 89' lang='lat' dir='ltr'><strong>lis,</strong></span> <span class='ocrx_word' id='word_1_229' title='bbox 370 3239 573 3309; x_wconf 90' lang='lat' dir='ltr'><strong>hodie</strong></span> <span class='ocrx_word' id='word_1_230' title='bbox 624 3240 934 3332; x_wconf 66' lang='lat' dir='ltr'><strong>Caglzhn&#39;</strong></span> <span class='ocrx_word' id='word_1_231' title='bbox 951 3291 973 3325; x_wconf 90' lang='lat'>,</span> <span class='ocrx_word' id='word_1_232' title='bbox 1018 3235 1238 3323; x_wconf 81' lang='lat' dir='ltr'><strong>Sulci,</strong></span> <span class='ocrx_word' id='word_1_233' title='bbox 1274 3234 1589 3330; x_wconf 84' lang='lat' dir='ltr'><strong>Neapolis</strong></span> <span class='ocrx_word' id='word_1_234' title='bbox 1609 3290 1628 3324; x_wconf 86' lang='lat'>,</span> <span class='ocrx_word' id='word_1_235' title='bbox 1673 3251 1798 3305; x_wconf 87' lang='lat' dir='ltr'><strong>etc.</strong></span> <span class='ocrx_word' id='word_1_236' title='bbox 1843 3237 2122 3310; x_wconf 88' lang='lat' dir='ltr'><strong>Flumen</strong></span> <span class='ocrx_word' id='word_1_237' title='bbox 2166 3244 2370 3317; x_wconf 85' lang='lat' dir='ltr'><strong>habet</strong></span> 
     </span>
     <span class='ocr_line' id='line_1_28' title="bbox 217 3341 2368 3444; baseline 0.003 -27"><span class='ocrx_word' id='word_1_238' title='bbox 217 3351 511 3444; x_wconf 82' lang='lat' dir='ltr'><strong>Tyrsum</strong></span> <span class='ocrx_word' id='word_1_239' title='bbox 546 3373 566 3435; x_wconf 85' lang='lat'><em>3</em></span> <span class='ocrx_word' id='word_1_240' title='bbox 610 3359 677 3415; x_wconf 91' lang='lat' dir='ltr'><strong>et</strong></span> <span class='ocrx_word' id='word_1_241' title='bbox 716 3360 974 3414; x_wconf 89' lang='lat' dir='ltr'><strong>montes</strong></span> <span class='ocrx_word' id='word_1_242' title='bbox 1019 3369 1187 3439; x_wconf 88' lang='lat' dir='ltr'><strong>quos</strong></span> <span class='ocrx_word' id='word_1_243' title='bbox 1234 3341 1507 3411; x_wconf 84' lang='lat' dir='ltr'><strong>Barbari</strong></span> <span class='ocrx_word' id='word_1_244' title='bbox 1549 3357 1616 3411; x_wconf 91' lang='lat' dir='ltr'><strong>et</strong></span> <span class='ocrx_word' id='word_1_245' title='bbox 1657 3343 2004 3438; x_wconf 86' lang='lat' dir='ltr'><strong>praedones</strong></span> <span class='ocrx_word' id='word_1_246' title='bbox 2046 3349 2368 3425; x_wconf 88' lang='lat' dir='ltr'><strong>incolunt.</strong></span> 
     </span>
     <span class='ocr_line' id='line_1_29' title="bbox 218 3448 2370 3540; baseline 0.002 -16"><span class='ocrx_word' id='word_1_247' title='bbox 218 3458 387 3526; x_wconf 82' lang='lat' dir='ltr'><strong>Haec</strong></span> <span class='ocrx_word' id='word_1_248' title='bbox 428 3451 645 3522; x_wconf 89' lang='lat' dir='ltr'><strong>insula</strong></span> <span class='ocrx_word' id='word_1_249' title='bbox 682 3477 929 3521; x_wconf 89' lang='lat' dir='ltr'><strong>nomen</strong></span> <span class='ocrx_word' id='word_1_250' title='bbox 972 3476 1165 3520; x_wconf 89' lang='lat' dir='ltr'><strong>suum</strong></span> <span class='ocrx_word' id='word_1_251' title='bbox 1208 3450 1430 3519; x_wconf 87' lang='lat' dir='ltr'><strong>adhuc</strong></span> <span class='ocrx_word' id='word_1_252' title='bbox 1471 3448 1670 3519; x_wconf 90' lang='lat' dir='ltr'><strong>hodie</strong></span> <span class='ocrx_word' id='word_1_253' title='bbox 1710 3453 1982 3540; x_wconf 87' lang='lat' dir='ltr'><strong>retinet,</strong></span> <span class='ocrx_word' id='word_1_254' title='bbox 2023 3470 2090 3523; x_wconf 89' lang='lat' dir='ltr'><strong>et</strong></span> <span class='ocrx_word' id='word_1_255' title='bbox 2127 3457 2370 3528; x_wconf 91' lang='lat' dir='ltr'><strong>dicitur</strong></span> 
     </span>
     <span class='ocr_line' id='line_1_30' title="bbox 222 3560 745 3655; baseline -0.01 -22"><span class='ocrx_word' id='word_1_256' title='bbox 222 3564 295 3633; x_wconf 85' lang='lat' dir='ltr'><strong>la</strong></span> <span class='ocrx_word' id='word_1_257' title='bbox 326 3560 745 3655; x_wconf 75' lang='lat' dir='ltr'><strong>Sardaigne.</strong></span> 
     </span>
    </p>

    <p class='ocr_par' dir='ltr' id='par_1_4' title="bbox 222 3654 2374 4187">
     <span class='ocr_line' id='line_1_31' title="bbox 330 3654 2368 3766; baseline 0.001 -29"><span class='ocrx_word' id='word_1_258' title='bbox 330 3669 668 3738; x_wconf 77' lang='lat' dir='ltr'>SARSURA</span> <span class='ocrx_word' id='word_1_259' title='bbox 704 3657 817 3753; x_wconf 88' lang='grc' dir='ltr'><strong>(Β.</strong></span> <span class='ocrx_word' id='word_1_260' title='bbox 850 3664 955 3733; x_wconf 89' lang='lat' dir='ltr'><strong>Af.</strong></span> <span class='ocrx_word' id='word_1_261' title='bbox 992 3687 1135 3758; x_wconf 89' lang='lat' dir='ltr'><strong>cap.</strong></span> <span class='ocrx_word' id='word_1_262' title='bbox 1174 3660 1303 3758; x_wconf 85' lang='lat'><strong>75,</strong></span> <span class='ocrx_word' id='word_1_263' title='bbox 1344 3654 1503 3757; x_wconf 86' lang='lat'><strong>76).</strong></span> <span class='ocrx_word' id='word_1_264' title='bbox 1543 3657 1670 3734; x_wconf 83' lang='lat'><strong>35⁰</strong></span> <span class='ocrx_word' id='word_1_265' title='bbox 1693 3660 1737 3746; x_wconf 70' lang='grc' dir='ltr'><strong>-ζ-</strong></span> <span class='ocrx_word' id='word_1_266' title='bbox 1765 3661 1930 3732; x_wconf 87' lang='lat' dir='ltr'><strong>latit.</strong></span> <span class='ocrx_word' id='word_1_267' title='bbox 1969 3663 2042 3735; x_wconf 91' lang='grc'><strong>80</strong></span> <span class='ocrx_word' id='word_1_268' title='bbox 2067 3703 2111 3758; x_wconf 66' lang='grc' dir='ltr'>ῑ</span> <span class='ocrx_word' id='word_1_269' title='bbox 2141 3667 2368 3766; x_wconf 87' lang='lat' dir='ltr'><strong>longit.</strong></span> 
     </span>
     <span class='ocr_line' id='line_1_32' title="bbox 222 3769 2374 3866; baseline 0 -21"><span class='ocrx_word' id='word_1_270' title='bbox 222 3775 415 3846; x_wconf 88' lang='lat' dir='ltr'><strong>Urbs</strong></span> <span class='ocrx_word' id='word_1_271' title='bbox 448 3773 685 3843; x_wconf 84' lang='lat' dir='ltr'><strong>Africae</strong></span> <span class='ocrx_word' id='word_1_272' title='bbox 710 3771 1043 3866; x_wconf 78' lang='lat' dir='ltr'><strong>Emporiae</strong></span> <span class='ocrx_word' id='word_1_273' title='bbox 1078 3769 1272 3837; x_wconf 80' lang='lat' dir='ltr'><strong>dictae</strong></span> <span class='ocrx_word' id='word_1_274' title='bbox 1300 3793 1416 3836; x_wconf 89' lang='lat' dir='ltr'><strong>seu</strong></span> <span class='ocrx_word' id='word_1_275' title='bbox 1453 3773 1839 3862; x_wconf 83' lang='lat' dir='ltr'><strong>Byzacenae,</strong></span> <span class='ocrx_word' id='word_1_276' title='bbox 1871 3772 1940 3838; x_wconf 89' lang='lat' dir='ltr'><strong>in</strong></span> <span class='ocrx_word' id='word_1_277' title='bbox 1981 3797 2111 3866; x_wconf 86' lang='lat' dir='ltr'><strong>qua</strong></span> <span class='ocrx_word' id='word_1_278' title='bbox 2148 3779 2374 3848; x_wconf 80' lang='lat' dir='ltr'><strong>Caesar</strong></span> 
     </span>
     <span class='ocr_line' id='line_1_33' title="bbox 224 3874 2371 3973; baseline 0 -21"><span class='ocrx_word' id='word_1_279' title='bbox 224 3896 467 3952; x_wconf 86' lang='lat' dir='ltr'><strong>contra</strong></span> <span class='ocrx_word' id='word_1_280' title='bbox 506 3879 946 3973; x_wconf 85' lang='lat' dir='ltr'><strong>Pompeianos</strong></span> <span class='ocrx_word' id='word_1_281' title='bbox 981 3874 1410 3962; x_wconf 86' lang='lat' dir='ltr'><strong>versabatur,</strong></span> <span class='ocrx_word' id='word_1_282' title='bbox 1454 3875 1641 3970; x_wconf 88' lang='lat' dir='ltr'><strong>cujus</strong></span> <span class='ocrx_word' id='word_1_283' title='bbox 1682 3878 1848 3945; x_wconf 90' lang='lat' dir='ltr'><strong>situs</strong></span> <span class='ocrx_word' id='word_1_284' title='bbox 1892 3877 2112 3948; x_wconf 92' lang='lat' dir='ltr'><strong>adhuc</strong></span> <span class='ocrx_word' id='word_1_285' title='bbox 2149 3882 2371 3954; x_wconf 86' lang='lat' dir='ltr'><strong>incer·-</strong></span> 
     </span>
     <span class='ocr_line' id='line_1_34' title="bbox 226 3981 2374 4084; baseline 0.001 -26"><span class='ocrx_word' id='word_1_286' title='bbox 226 4004 337 4060; x_wconf 89' lang='lat' dir='ltr'><strong>tus</strong></span> <span class='ocrx_word' id='word_1_287' title='bbox 385 4001 611 4084; x_wconf 89' lang='lat' dir='ltr'><strong>posset</strong></span> <span class='ocrx_word' id='word_1_288' title='bbox 645 4010 726 4054; x_wconf 86' lang='lat' dir='ltr'><strong>ex</strong></span> <span class='ocrx_word' id='word_1_289' title='bbox 765 3981 1020 4052; x_wconf 85' lang='lat' dir='ltr'><strong>Tabula</strong></span> <span class='ocrx_word' id='word_1_290' title='bbox 1063 3982 1572 4075; x_wconf 86' lang='lat' dir='ltr'><strong>Peutingeriana</strong></span> <span class='ocrx_word' id='word_1_291' title='bbox 1608 3985 1748 4078; x_wconf 90' lang='lat' dir='ltr'><strong>peti</strong></span> <span class='ocrx_word' id='word_1_292' title='bbox 1786 3983 1916 4051; x_wconf 93' lang='lat' dir='ltr'><strong>hoc</strong></span> <span class='ocrx_word' id='word_1_293' title='bbox 1959 3986 2162 4057; x_wconf 91' lang='lat' dir='ltr'><strong>modo</strong></span> <span class='ocrx_word' id='word_1_294' title='bbox 2193 4015 2206 4058; x_wconf 92' lang='lat'><strong>:</strong></span> <span class='ocrx_word' id='word_1_295' title='bbox 2241 4016 2374 4069; x_wconf 86' lang='lat' dir='ltr'><strong>una</strong></span> 
     </span>
     <span class='ocr_line' id='line_1_35' title="bbox 226 4087 2374 4187; baseline 0.001 -23"><span class='ocrx_word' id='word_1_296' title='bbox 226 4099 341 4167; x_wconf 82' lang='lat' dir='ltr'><strong>via</strong></span> <span class='ocrx_word' id='word_1_297' title='bbox 364 4109 548 4164; x_wconf 88' lang='lat' dir='ltr'><strong>recta</strong></span> <span class='ocrx_word' id='word_1_298' title='bbox 572 4090 875 4187; x_wconf 88' lang='lat' dir='ltr'><strong>procedit</strong></span> <span class='ocrx_word' id='word_1_299' title='bbox 900 4115 981 4159; x_wconf 85' lang='lat' dir='ltr'><strong>ex</strong></span> <span class='ocrx_word' id='word_1_300' title='bbox 1022 4088 1386 4157; x_wconf 83' lang='lat' dir='ltr'><strong>Adrumeto</strong></span> <span class='ocrx_word' id='word_1_301' title='bbox 1420 4087 1507 4157; x_wconf 86' lang='lat' dir='ltr'><strong>ad</strong></span> <span class='ocrx_word' id='word_1_302' title='bbox 1549 4089 2006 4183; x_wconf 86' lang='lat' dir='ltr'><strong>Taphruram‚</strong></span> <span class='ocrx_word' id='word_1_303' title='bbox 2042 4094 2176 4164; x_wconf 92' lang='lat' dir='ltr'><strong>scil.</strong></span> <span class='ocrx_word' id='word_1_304' title='bbox 2213 4099 2374 4167; x_wconf 81' lang='lat' dir='ltr'><strong>Ha-</strong></span> 
     </span>
    </p>
   </div>
  </div>
 </body>
</html>
