3017 5042
531 581 539 594 s
641 557 736 630 70
1109 499 1879 597 SUPPLE'MENTA
1933 523 2295 609 vARIA,

637 664 936 734 Macrob.
975 662 1042 730 in
1085 658 1557 730 Saturnalibus.
1604 657 2097 754 Asclepiades,
2136 658 2383 751 inquit,
2418 655 2459 725 l.
2505 657 2569 726 X
2591 712 2610 747 ‚
2652 667 2774 728 vir

635 777 814 840 inter
865 773 1148 838 Graecos
1191 771 1502 863 apprime
1539 764 1780 834 doctus
1820 789 1910 834 ac
1943 763 2232 857 diligens
2248 816 2271 850 ,
2316 764 2670 835 carchesia
2718 791 2771 836 α

637 879 880 946 navali
897 899 971 943 re
1001 874 1192 944 dicta
1214 877 1581 942 existimat.
1619 874 1753 942 Ait
1772 877 1947 940 enim
1962 924 1984 956 ‚
2010 871 2280 940 navalis
2306 871 2480 939 male·
2490 887 2771 966 partem

639 983 1030 1074 irfin'orem
1043 996 1370 1078 pter-nam
1397 983 1656 1048 vocari.
1686 980 1796 1047 At
1808 983 1994 1046 circa
2010 976 2303 1046 mediam
2302 978 2477 1069 fiere
2492 994 2775 1072 partem

640 1089 948 1182 τράχηλον
995 1087 1153 1156 dici.
1195 1087 1536 1156 Summam
1567 1108 1731 1153 vero
1765 1099 2047 1179 partem
2089 1083 2506 1152 carchesium
2546 1089 2774 1182 nomi-

640 1201 844 1280 narl'3
904 1209 976 1261 et
1021 1193 1178 1261 inde
1218 1191 1531 1284 dffmdc‘
1565 1197 1636 1259 in
1678 1206 2029 1284 utrumque
2071 1189 2215 1258 veli
2247 1191 2431 1258 latus
2478 1215 2565 1260 ea
2612 1213 2780 1290 qtae

643 1323 904 1369 cornua
939 1313 1293 1368 vocantur.
1321 1296 1670 1390 Versatilia
1704 1295 1905 1364 fuisse
1930 1295 2236 1364 videntur
2261 1297 2386 1364 ista
2408 1298 2479 1363 in
2510 1320 2779 1365 summo

643 1405 822 1474 malo
873 1407 1211 1474 carchesia
1230 1459 1249 1492 ‚
1283 1419 1349 1472 et
1377 1427 1651 1498 prorsus
1679 1401 1913 1471 similia
1940 1402 2044 1471 his
2074 1401 2387 1472 corbibus
2414 1426 2578 1496 quas
2621 1427 2781 1472 nos-

645 1514 731 1580 tri
768 1512 998 1579 dicunt
1031 1512 1260 1598 smne,
1311 1511 1586 1604 Hispani
1633 1509 1890 1604 gabin,
1942 1506 2140 1602 Angli
2195 1524 2314 1603 top
2332 1534 2359 1594 ‚·
2394 1533 2781 1604 quanquam

651 1620 734 1686 V.
795 1621 864 1688 C.
911 1619 1140 1686 Heme·
1173 1636 1372 1710 supra
1409 1617 1670 1701 citatu3‚
1702 1607 2035 1684 Me'moz're
2075 1639 2194 1682 sur
2230 1615 2307 1682 la
2352 1620 2617 1683 marine
2656 1613 2787 1684 des

646 1726 928 1791 anellans
943 1776 966 1809 ,
1014 1743 1096 1817 p.
1151 1721 1246 1790 62
1289 1775 1308 1808 ,
1357 1742 1437 1789 ea
1488 1721 1821 1789 carchesia
1865 1720 2064 1789 fuisse
2112 1733 2303 1814 putat
2344 1717 2669 1789 foramina
2714 1723 2785 1790 in

647 1850 909 1897 summo
945 1827 1121 1896 malo
1166 1827 1250 1895 ad
1291 1827 1481 1896 fimes
1526 1825 1903 1896 retinendos
1943 1825 2197 1920 aptata,
2238 1827 2432 1894 sicuti
2470 1823 2788 1896 videntur

647 1936 717 2002 in
753 1935 1152 2002 numismate
1193 1932 1487 2001 Adriani.
1522 1933 1743 2001 Venio
1784 1931 1869 2000 ad
1882 1932 2113 2022 fimes
2157 1957 2323 2026 quos
2370 1931 2512 2001 haec
2557 1935 2789 2000 omnia

649 2041 1030 2133 requirunt:
1069 2061 1224 2106 narn
1261 2037 1531 2106 funibus
1574 2035 1785 2106 malus
1821 2039 2125 2130 erigitur,
2162 2036 2430 2106 funibus
2465 2036 2789 2132 religatur

654 2161 973 2230 antenna,
1025 2143 1294 2212 funibus
1341 2142 1743 2238 colliguntur
1789 2142 1968 2230 vela,
2022 2141 2292 2212 funibus
2348 2134 2784 2238 explicantur.

652 2254 885 2320 Funes
905 2250 1143 2342 quibus
1167 2263 1454 2317 antenna
1477 2247 1841 2318 sustollitur
1856 2303 1877 2337 ‚
1895 2247 2001 2316 vel
2026 2249 2395 2318 demittitur
2411 2275 2565 2318 cum
2589 2249 2756 2320 velis
2770 2305 2790 2340 ,

657 2355 966 2423 rudentes
1016 2352 1450 2449 appellantur.
1497 2355 1881 2448 Hieronym.
1920 2354 2071 2424 adv,
2118 2358 2352 2424 Jovem
2372 2413 2377 2420 .
2396 2357 2465 2424 in
2506 2358 2542 2424 I
2594 2381 2610 2424 :
2662 2382 2790 2425 ru-

655 2460 968 2530 dentibus
1005 2462 1167 2530 vela
1214 2462 1591 2530 sustollam.
1630 2461 1913 2555 Vegetio
1956 2475 2109 2531 sunt
2152 2461 2523 2531 chalatorie'
2554 2462 2751 2532 funes
2772 2517 2792 2552 ,

658 2589 698 2633 a
739 2591 952 2659 graeco
1003 2570 1237 2658 χαλᾷν,
1284 2565 1462 2661 quod
1506 2581 1607 2636 est
1649 2565 2010 2636 demittere.
2053 2571 2200 2635 Jam
2246 2565 2455 2656 funis,
2491 2593 2625 2662 quo
2660 2593 2792 2636 an-

659 2686 861 2739 tenna
910 2696 992 2740 ex
1053 2687 1335 2766 utroque
1389 2695 1601 2741 cornu
1651 2671 1966 2768 religatur
2014 2673 2098 2742 ad
2150 2671 2438 2761 malum,
2480 2675 2793 2768 Κεροῦχος

661 2775 902 2846 dicitur
943 2793 1010 2846 et
1065 2779 1314 2872 ἀγχόνη.
1379 2782 1711 2848 Homerus
1758 2785 2035 2858 καλῶνας
2080 2781 2384 2866 vocavit,
2441 2793 2508 2848 et
2568 2783 2795 2850 Latini

661 2882 1016 2977 aliquando
1049 2883 1383 2953 rudentes.
1407 2887 1498 2953 At
1526 2886 1717 2954 fimes
1744 2885 1981 2978 quibus
2009 2881 2116 2953 vel
2141 2884 2399 2954 laxatur
2433 2883 2540 2954 vel
2577 2887 2796 2956 inten-

663 2988 844 3057 ditur
870 2995 1157 3059 antenna
1179 2989 1488 3060 dicuntur
1512 2993 1838 3086 Hyperae.
1859 2991 2035 3068 Suid.
2059 2995 2286 3085 ὑπέρα,
2304 2994 2379 3060 τὸ
2401 3003 2515 3059 τοῦ
2538 2994 2799 3088 κέρατοὲ

667 3105 780 3160 τοῦ·
839 3095 976 3172 ἱςοῦ
1016 3097 1274 3187 σχοινίον
1300 3151 1319 3184 ,
1357 3095 1404 3183 ᾧ
1433 3097 1701 3184 ἀνίεται,
1735 3094 1838 3165 καὶ
1875 3089 2263 3166 διατείνεται.
2298 3089 2570 3168 ⁴Latinis
2610 3097 2799 3169 dice-

665 3197 909 3267 bantur
949 3200 1233 3295 opiferae.
1279 3201 1513 3272 Isidor.
1554 3201 1593 3270 l.
1632 3205 1804 3272 XIX
1835 3231 1850 3272 :
1887 3204 2215 3302 Opffbroe,
2230 3201 2460 3297 funes
2493 3211 2620 3300 qui
2647 3230 2799 3275 cor·

665 3303 860 3373 nibus
901 3322 1225 3376 antennae
1259 3308 1513 3378 dextra
1546 3315 1959 3404 sinistraque
1998 3309 2364 3380 tenduntur
2402 3305 2799 3382 retroverso.

665 3407 836 3480 Velo
873 3413 1069 3480 etiam
1109 3415 1344 3508 cuique
1374 3418 1628 3510 proprii
1666 3429 1855 3484 erant
1882 3415 2071 3485 funes
2101 3417 2169 3483 in
2203 3433 2485 3512 utroque
2516 3417 2803 3514 angu10‚

668 3542 833 3609 quos
875 3519 1095 3587 Latini
1121 3519 1344 3614 pedes
1365 3575 1388 3607 ,
1435 3523 1651 3590 Graeci
1704 3511 1901 3600 πόδας
1946 3538 2353 3620 nuncupant.
2410 3517 2803 3593 'Generatim

666 3622 891 3710 funes,
922 3623 1157 3717 quibus
1195 3626 1408 3696 malus
1439 3629 1719 3721 erigitur
1752 3623 1858 3694 vel
1884 3629 2249 3698 demittitur
2277 3635 2590 3700 mesun'oe
2616 3645 2806 3716 sunt,

669 3729 908 3822 quibus
952 3754 1034 3798 ex
1069 3747 1352 3826 utroque
1382 3731 1587 3801 latere
1619 3731 1971 3802 firmantur
1997 3751 2353 3832 protones.
2400 3739 2454 3804 F
2456 3736 2682 3806 iebant
2714 3737 2807 3805 fu-

668 3859 785 3902 nes
835 3832 991 3903 olim
1051 3860 1087 3903 e
1133 3833 1292 3907 loris
1355 3835 1801 3934 pellibusque,
1859 3854 2090 3934 postea
2138 3866 2175 3910 e
2230 3831 2405 3930 lino,
2471 3841 2807 3928 cannabe,

663 3939 869 4032 junco
895 3995 913 4028 ,
958 3957 1220 4036 spart0‚
1263 3944 1499 4036 palmae
1549 3943 1751 4034 foliis,
1794 3942 2087 4040 philyra3
2124 3948 2331 4016 immo
2370 3973 2452 4016 ex
2490 3949 2805 4018 arborum

671 4041 1026 4116 corticibus
1047 4103 1065 4137 ‚
1103 4050 1343 4135 c'erasi,
1386 4043 1577 4140 tiliae',
1608 4053 1793 4141 vitis,
1837 4056 2042 4122 aceris
2078 4067 2145 4121 et
2173 4055 2443 4148 carpini.

776 4155 882 4220 De
927 4151 1388 4246 gubernaculis
1436 4153 1639 4226 locuti
1677 4181 1918 4227 sumus.
1950 4159 2055 4227 De
2084 4159 2390 4228 anchoris
2427 4159 2799 4229 dicendum.
