3017 5042
670 401 804 471 DE
860 345 1488 468 GALLIARUM
1544 402 2036 472 munaus,-
2237 413 2386 504 4¹7

265 533 465 604 Unde
502 531 925 601 manifestum
962 531 1069 616 fit,
1100 555 1255 600 eum
1271 583 1291 617 ,
1316 531 1522 601 verba
1549 555 1589 600 a
1616 531 1716 602 Cl.
1740 535 2052 603 Dulaure
2079 536 2280 609 relata
2311 540 2394 610 de

264 643 674 712 Carcassone
695 691 715 724 ‚
766 635 1009 706 Tolosa
1056 650 1125 706 et
1167 637 1485 706 Narbone
1542 636 1730 707 aliter
1786 639 2195 713 intellexisse.
2250 648 2396 716 Nec

264 747 536 833 mirum3
562 759 745 839 patet
764 745 941 814 enim
969 745 1341 836 cuicunque
1363 741 1539 812 oculi
1561 743 1838 832 adsunt,
1864 748 2132 817 minime
2159 750 2269 819 hic
2289 755 2396 848 agi

260 851 345 920 de
379 851 659 921 urbibus
682 848 905 945 quoad
939 850 1185 918 moenia
1221 864 1289 919 et
1331 848 1566 918 domos
1585 903 1606 937 ,
1639 850 1755 920 sed
1795 851 1878 921 de
1914 855 2158 925 civium
2197 871 2393 948 coetu.

262 959 433 1048 Quis
468 959 679 1027 nescit
711 955 1038 1026 coloniam
1074 980 1609 1050 unamquamque
1647 981 1768 1052 per
1807 981 1876 1026 se
1916 960 2127 1052 ipsam
2165 967 2399 1032 consti-

264 1067 445 1150 tisse,
460 1063 744 1157 jureque
772 1063 1067 1156 gavisam
1096 1061 1298 1131 fuisse
1325 1060 1681 1157 peculiari?
1709 1063 1794 1132 ad
1823 1063 2006 1134 hunc
2030 1067 2231 1161 igitur
2257 1083 2396 1138 sta-

262 1183 407 1240 tum
458 1191 683 1240 rerum
722 1170 1003 1238 Caesaris
1051 1167 1259 1236 verba
1301 1167 1649 1237 referenda
1685 1183 1874 1258 sunt3
1910 1172 2006 1240 ait
2041 1197 2056 1238 ε
2102 1200 2138 1236 α
2167 1173 2399 1244 Multis

261 1291 584 1370 praeterea
598 1276 755 1344 viris
769 1273 1074 1362 fortibus,
1091 1273 1331 1342 Tolosa
1345 1327 1364 1361 ,
1381 1277 1792 1344 Carcassone
1803 1289 1872 1344 et
1885 1277 2204 1348 Narbone
2215 1333 2234 1366 ‚
2253 1306 2400 1375 quae

262 1396 417 1451 sunt
460 1383 757 1451 civitates
794 1379 1027 1450 Galliae
1068 1381 1460 1476 provinciae,
1501 1379 1796 1450 finitimae
1837 1381 1941 1452 his
1986 1383 2366 1478 regionibus
2383 1441 2402 1474 ‚

260 1489 654 1565 nominatim
690 1488 1001 1556 evocatis.
1026 1516 1059 1550 >2
1100 1488 1528 1580 Imperantur
1560 1487 1782 1581 itaque
1816 1488 2230 1560 coloniarum
2262 1494 2400 1563 cui-

258 1621 415 1690 que,
445 1617 571 1688 pro
594 1591 1040 1680 facultatibuS,
1062 1591 1355 1662 delectus
1382 1590 1671 1661 militum
1694 1592 1780 1661 ad
1804 1593 2052 1665 bellum
2075 1600 2402 1668 sustinen-

259 1699 422 1770 dum
444 1753 463 1788 ,
507 1700 806 1794 fiuntque
845 1699 1284 1767 evocationes,
1328 1697 1532 1768 Unde
1573 1700 1868 1792 sequitur
1897 1703 2229 1773 Caesarem
2270 1706 2402 1776 hoc

260 1806 411 1895 loco
438 1807 685 1876 civium
709 1819 1115 1875 conventum
1145 1806 1538 1899 respexisse,
1562 1829 1700 1874 non
1727 1805 1982 1874 urbem.
2019 1810 2191 1877 Mihi
2223 1812 2402 1880 insu-

258 1937 384 2008 per
408 1926 876 2008 argumentum
896 1909 1273 2008 suppeditat
1298 1912 1578 1981 Caesaris
1607 1909 1735 1979 alia
1763 1911 2043 2001 locutio;
2069 1916 2162 1983 ait
2185 1919 2361 1985 enim
2381 1972 2400 2005 ‚

258 2019 375 2088 lib.
401 2021 469 2105 1,
494 2043 721 2113 parag.
766 2043 891 2105 10,
929 2016 1011 2087 de
1050 2017 1451 2088 santonibus
1490 2042 1732 2112 agens:
1776 2035 1810 2069 «
1849 2020 1988 2108 Qui
2020 2045 2161 2089 non
2203 2021 2401 2118 longe

257 2123 722 2194 aTolosatium
744 2123 987 2194 finibus
1012 2123 1291 2212 absunt,
1318 2147 1465 2218 quae
1486 2125 1716 2193 civitas
1744 2139 1845 2194 est
1869 2126 1939 2192 in
1967 2129 2326 2221 provincia.
2357 2160 2394 2194 »

258 2235 391 2302 Hic
436 2230 785 2301 manifesto
819 2231 1025 2299 verba
1064 2253 1225 2324 quae
1265 2235 1509 2301 civitas
1556 2230 1642 2299 ad
1685 2230 2025 2303 Tolosates
2067 2237 2402 2328 pertinent

257 2363 524 2427 omnes,
548 2337 634 2408 ad
668 2351 1074 2406 conventum
1106 2337 1353 2427 civium
1384 2335 1620 2406 eodem
1641 2337 1794 2429 jure
1827 2337 2208 2410 fruentium.
2247 2345 2401 2412 Non

258 2445 345 2516 de
381 2444 513 2514 alia
543 2458 767 2514 tamen
785 2498 805 2530 ‚
842 2443 959 2512 sed
998 2441 1081 2511 de
1122 2441 1353 2512 eadem
1390 2441 1634 2511 Tolosa
1674 2467 1894 2513 sermo
1929 2460 2047 2514 est.

368 2550 554 2640 Quid
570 2574 749 2620 nunc
775 2549 857 2618 de
886 2549 1185 2642 sequenti
1206 2573 1438 2643 argum
1446 2562 1602 2617 ento
1631 2548 1847 2618 dicam
1866 2548 1896 2617 ‘z’
1915 2552 1989 2619 Il
2009 2559 2248 2621 aurate
2267 2555 2399 2623 dit.-

258 2659 518 2730 Civitas
553 2657 889 2751 Gergovia
910 2683 935 2742 ‚·
973 2655 1223 2724 Civitas
1256 2653 1608 2725 Genabum
1641 2708 1660 2742 ‚
1701 2668 1828 2724 etc.
1857 2707 1877 2741 ,
1913 2661 1982 2724 sz‘
2017 2681 2130 2726 ces
2148 2660 2402 2753 places

254 2779 535 2834 eussent
574 2753 681 2832 e'te'
713 2763 935 2848 villos,
980 2786 1072 2830 οιι
1112 2760 1235 2830 des
1250 2799 1261 2830 ·.
1274 2760 1507 2852 chefs-
1527 2761 1716 2830 [lieux
1745 2760 1834 2830 de
1880 2764 2206 2832 Natz'ons.
2267 2768 2400 2834 Sua

184 2943 195 2948 ,
256 2873 469 2968 ipsius
508 2866 845 2938 debilitate
888 2868 1177 2954 corruit3
1212 2891 1368 2935 nam
1412 2891 1620 2960 quum
1657 2867 1890 2936 civitas
1932 2867 2014 2936 de
2050 2869 2400 2959 hominum

257 2971 631 3060 conventu,
663 2974 749 3044 de
786 2998 1018 3042 eorum
1052 2971 1305 3041 ditione
1332 2986 1403 3041 et
1432 2971 1678 3040 finibus
1706 2971 2182 3069 intelligeretur
2199 3029 2219 3062 ‚
2260 3003 2400 3046 non

256 3091 409 3156 erat
435 3081 616 3177 quod
644 3080 795 3149 urbi
809 3081 1118 3174 quamvis
1146 3079 1526 3175 praecipuae,
1558 3081 2126 3173 nuncupationem
2153 3083 2398 3154 tribue-

258 3204 401 3278 ret,
448 3213 587 3257 non
622 3188 747 3256 nisi
788 3187 1043 3282 regioni
1084 3185 1411 3254 universae
1446 3186 1971 3255 convenientem.

368 3291 530 3365 Noli
556 3294 784 3362 mirari
804 3291 985 3387 quod
1006 3312 1349 3386 nunquam
1373 3290 1614 3360 dixerit
1638 3293 2133 3379 Caesar,civitas
2153 3298 2402 3389 Gergo-

258 3409 399 3489 via,
427 3401 541 3495 qui
564 3423 737 3494 saepe
760 3400 998 3495 saepius
1024 3399 1287 3492 scripsit
1309 3402 1549 3466 civitas
1567 3399 2026 3468 Arvernorum
2034 3425 2063 3485 ‚⁸
2091 3398 2197 3468 vel
2219 3402 2401 3494 quod

258 3534 411 3580 non
433 3505 730 3602 legamus
747 3504 927 3599 apud
943 3529 1133 3592 eum,
1159 3509 1401 3574 eive-‘tas
1429 3503 1790 3590 Bibracta,
1813 3507 2018 3598 quum
2044 3506 2404 3577 innumeris
2455 3497 2461 3502 ’

258 3619 335 3686 in
366 3614 529 3683 locis
559 3624 917 3682 occurrant
952 3610 1157 3679 verba
1181 3614 1421 3680 civitas
1450 3609 1858 3681 AEduorum.
1899 3610 2103 3699 Quod
2137 3614 2192 3680 si
2227 3612 2403 3691 idem

259 3725 493 3792 Caesar
532 3740 1017 3811 nonnunquam
1061 3716 1357 3810 reposuit
1391 3720 1632 3785 civitas
1667 3717 2086 3785 Tolosatium
2107 3770 2126 3803 ‚
2170 3716 2237 3785 id
2272 3719 2403 3788 hoc

260 3824 546 3899 consilio
582 3823 757 3912 fecit,
800 3837 877 3892 ut
910 3836 1224 3891 moneret.
1238 3820 1556 3890 lectorem
1601 3823 1960 3892 Tolosates
1993 3847 2114 3917 per
2157 3825 2404 3919 seipsos

262 3933 673 4004 constituere
713 3948 935 3998 rerum
979 3925 1397 4023 publicarum
1439 3929 1628 4021 quasi
1654 3934 1984 3997 unitatem
2019 3929 2171 4021 jure
2203 3955 2404 4024 pecu-

263 4040 413 4114 liari
446 4039 869 4124 instructam,
896 4035 1201 4136 quamvis
1232 4033 1561 4132 moenibus
1597 4035 1792 4102 unius
1828 4049 2085 4104 tantum
2123 4036 2304 4104 urbis
2339 4047 2439 4108 et*

378 4171 505 4241 IV.
948 4219 957 4226 -
1117 4268 1120 4272 ,
1941 4192 2031 4264 27
