3017 5042
854 416 1733 505 GEOGRA'PHICUS.
2214 436 2359 535 347

213 592 372 636 rum
405 588 838 635 romanarum
876 567 1162 662 scriptor
1181 620 1200 649 ,
1243 566 1574 636 coloniam
1616 566 1989 637 arcadicam
2029 570 2115 638 ab
2152 571 2367 639 Evan-

212 675 344 743 dro
375 675 445 741 in
481 671 740 741 Italiam
787 672 1141 741 deductam
1184 698 1325 741 esse
1363 673 1789 742 erediderunt
1810 728 1828 757 ,
1870 676 1985 768 qui
2027 677 2282 768 primus
2326 702 2368 747 a

209 783 598 852 Nicostrata
635 793 848 847 matre
890 802 1010 847 sua
1044 779 1448 848 vaticinandi
1487 782 1701 874 perita
1736 780 2011 849 edoctus
2031 832 2049 865 ‚
2094 781 2365 852 Herculi

211 887 466 981 hospiti
495 911 616 954 suo
634 939 653 972 ,
681 886 844 953 dum
873 886 1202 979 Geryonis
1231 886 1438 954 boves
1469 900 1727 980 ageret,
1760 878 2077 956 indic‘avit
2110 889 2327 982 ipsum
2346 942 2367 977 ,

213 992 544 1063 confectis
596 991 933 1061 laboribus
953 1046 973 1075 ‚
1025 993 1095 1060 in
1151 1016 1506 1061 numerum
1558 995 1864 1062 Deorum·
1914 992 2193 1062 relatum
2244 996 2365 1078 iri,

211 1114 420 1192 atque
447 1098 695 1167 ideirco
731 1122 920 1166 sacra
952 1099 1206 1169 viventi
1233 1100 1551 1187 instituit,
1583 1124 1733 1193 quae
1768 1125 1923 1169 cum
1960 1100 2195 1170 eodem
2231 1102 2367 1170 ritu

212 1230 438 1299 graeco
482 1203 908 1299 postmodum
944 1228 984 1272 a
1009 1206 1328 1273 Romanis
1367 1220 1523 1273 sunt
1562 1206 1931 1275 observata.
1970 1208 2185 1301 Hujus
2222 1208 2364 1301 opi-

211 1314 436 1381 nionis
476 1310 854 1381 defensores
890 1336 1126 1380 vocem
1153 1315 1445 1381 Romam
1477 1336 1519 1379 a
1548 1337 1765 1406 graeco
1800 1298 1991 1405 Ρωμῆ
2027 1313 2234 1381 robur
2264 1313 2369 1382 de-

211 1418 521 1506 ducunt3
567 1417 676 1487 alii
710 1442 908 1505 vero,
945 1431 1015 1485 et
1051 1416 1321 1511 quidem
1365 1442 1647 1487 numero
1690 1418 1913 1515 plures
1934 1472 1954 1505 ,
1992 1444 2031 1487 a
2074 1420 2369 1489 Romulo

211 1528 508 1593 Romam
542 1548 683 1593 esse
721 1523 1058 1593 conditam
1101 1538 1170 1592 et
1203 1522 1602 1619 appellatam
1636 1540 2004 1594 autumant.
2038 1526 2369 1596 Romulus

213 1645 443 1700 autem
483 1631 850 1699 vocabatur
879 1634 1172 1719 Romus,
1215 1644 1383 1700 teste
1417 1632 1649 1700 Servio
1670 1684 1689 1719 ,
1734 1632 1912 1701 unde
1954 1657 2203 1701 nomen
2230 1638 2367 1703 Ro-

212 1740 440 1807 mulus
467 1736 902 1807 blandimenti
931 1738 1144 1831 gratia
1167 1737 1437 1826 datum3
1475 1736 1592 1807 sed
1620 1738 1781 1807 urbs
1814 1738 1997 1807 haud
2024 1742 2369 1809 nominata

213 1857 318 1913 est
341 1847 640 1913 Romula
657 1896 679 1929 ,
723 1868 807 1912 ne
834 1844 1121 1913 nominis
1160 1842 1508 1915 diminutio
1545 1844 1729 1913 urbis
1763 1844 2090 1937 majestati
2118 1844 2368 1939 aliquid

213 1950 601 2019 detraheret
627 1976 641 2018 :
674 1951 818 2019 haec
854 1965 956 2020 est
989 1952 1438 2046 receptissima
1474 1952 1717 2046 opinio.
1748 1954 1981 2020 Romae
2021 1950 2367 2019 historiam

213 2072 286 2139 et
327 2056 836 2151 descriptionem
876 2057 1136 2151 ingredi
1181 2071 1488 2126 nostrum
1526 2072 1827 2145 non.est;
1856 2059 2103 2152 quippe
2132 2082 2211 2125 ea
2245 2083 2379 2153 no·-

215 2178 499 2233 scuntur
515 2218 534 2251 ,
561 2164 666 2233 vel
689 2164 774 2231 ab
799 2165 1110 2233 omnibus
1133 2178 1278 2233 tum
1302 2178 1465 2233 vett.
1497 2179 1643 2233 tum
1671 2164 2147 2233 recentioribus
2176 2162 2365 2233 facile

213 2272 358 2364 peti
379 2285 652 2364 queunt.
680 2272 912 2339 Romae
933 2269 1108 2339 tituli
1129 2284 1197 2339 et
1218 2270 1510 2365 honores
1529 2272 1799 2339 maximi
1820 2284 1975 2339 sunt
1994 2272 2064 2339 in
2087 2294 2371 2339 marmo-

92 2414 94 2417 >
213 2377 402 2445 ribus
427 2392 494 2445 et
523 2379 830 2447 nummis.
865 2380 1090 2471 Typus
1119 2379 1354 2447 Romae
1377 2392 1524 2445 erat
1547 2380 1765 2446 Roma
1794 2377 2051 2472 galeata
2078 2377 2367 2446 insidens

213 2482 443 2577 spoliis
458 2536 477 2572 ,
527 2482 759 2552 dextra
798 2484 1148 2552 victoriam
1176 2537 1195 2570 ,
1247 2485 1508 2553 sinistra
1548 2483 1809 2553 hastam
1853 2508 2089 2577 gerens
2105 2536 2124 2570 ,
2162 2498 2230 2552 et
2267 2485 2367 2551 in-

215 2589 321 2658 fra
348 2589 506 2683 lupa
533 2613 854 2658 mammas
876 2587 1178 2682 praebens
1202 2588 1499 2681 puerulis
1523 2590 1814 2657 Romulo
1837 2603 1904 2656 et
1921 2591 2156 2656 Remo.
2181 2590 2367 2685 Saepe

216 2697 416 2764 etiam
447 2695 850 2790 gratulantes
881 2695 1392 2788 imperatoribus
1419 2692 1752 2781 nonnulli,
1775 2708 1850 2761 ut
1876 2697 2245 2781 Patrenses‚
2274 2720 2369 2763 re·

214 2802 708 2897 praesentabant
747 2803 1218 2895 imperatorem
1256 2798 1647 2894 paludatum
1686 2814 1971 2869 stantem
2008 2825 2185 2893 pone
2220 2802 2366 2869 Ro-

215 2933 427 2995 mam,
457 2896 526 2977 et
549 2911 610 2977 ei
641 2932 960 2977 coronam
987 2909 1458 3001 imponentem.
1489 2908 1709 2975 Roma
1736 2921 1881 2974 erat
1905 2909 2049 2975 Dea
2066 2960 2085 2994 ,
2112 2920 2179 2974 et
2207 2908 2267 2975 ei
2296 2908 2366 2974 in

215 3017 578 3110 provinciis
629 3014 986 3109 magnifica
1029 3015 1271 3107 passim
1315 3029 1383 3081 et
1434 3013 1970 3107 frequentissima
2020 3038 2203 3082 sacra
2246 3014 2363 3083 fie—

213 3122 406 3190 bant,
440 3120 715 3217 Templa
765 3120 1230 3207 struebantur,
1271 3118 1550 3215 collegia
1594 3118 2011 3189 sacerdotum
2054 3121 2362 3189 institue-

213 3228 468 3316 bantur
506 3230 798 3297 ROMAE
855 3228 1306 3313 AETERNAE,
1341 3224 1449 3295 vel
1501 3228 1699 3291 ΘΕΑι
1752 3228 2043 3294 ΡΩΜΗι.
2099 3230 2361 3296 Nomen
2397 3256 2401 3261 ·

215 3337 476 3403 Romae.
499 3359 670 3429 saepe
725 3333 1130 3428 jungebatur
1191 3359 1344 3403 cum
1405 3333 1862 3427 Augustorum
1927 3333 2306 3401 nominibus
2344 3360 2360 3401 z

213 3443 446 3510 ROM.
479 3455 546 3508 et
568 3443 784 3509 AVG.
807 3440 983 3523 Vide*
1011 3440 1173 3534 quid
1217 3440 1299 3509 de
1332 3442 1479 3508 Dea
1515 3442 1733 3507 Roma
1772 3454 1841 3507 et
1878 3439 1961 3509 de
2002 3442 2209 3509 Sacro
2248 3440 2361 3507 Se—

212 3562 378 3616 natu
417 3546 785 3641 prodiderit
811 3545 1077 3615 illustris
1103 3548 1238 3635 vir,
1271 3546 1711 3641 Spanhemius
1732 3598 1751 3633 ,
1774 3547 1859 3638 'in
1900 3545 2359 3645 dissertatione

211 3656 486 3749 quinta3
513 3654 616 3721 his
653 3653 822 3721 adde
849 3652 1297 3723 Commodum
1323 3654 1823 3745 imperatorem,
1852 3653 1966 3745 qui
1998 3652 2261 3745 imperii
2292 3651 2366 3719 fi·

209 3786 330 3829 nes
374 3784 515 3828 non
547 3758 889 3856 ampliavit
911 3812 930 3847 ,
970 3782 1184 3851 neque
1223 3757 1517 3827 colonias
1552 3773 1739 3827 extra
1777 3758 2013 3826 urbem
2051 3756 2361 3845 deduxit,

206 3870 427 3962 ipsam
471 3880 859 3935 contentum
897 3864 1097 3934 fuisse
1137 3868 1428 3934 Romam
1469 3880 1805 3934 aeternam
1822 3864 2119 3955 felicem
2166 3866 2358 3933 colo-

203 3980 404 4043 niam
443 3971 776 4067 appellare
805 3998 820 4041 :
853 3971 1152 4043 Volebat
1187 3978 1363 4041 enim
1377 4024 1400 4058 ,
1447 3973 1662 4066 inquit
1697 3972 1862 4065 Dio,
1897 3970 2125 4041 urbem
2162 3995 2359 4041 suam

203 4082 559 4149 coloniam
597 4079 833 4149 vederi.
