3017 5042
822 407 1685 476 GEOGRAPHICUS.
2168 405 2306 479 381

212 527 305 606 dis
332 539 699 632 aptissimae.
742 539 994 606 Montis
1034 539 1351 632 praecipui
1388 537 1520 606 lata
1553 539 1708 606 satis
1743 552 1842 606 est
1875 535 2211 632 planities,
2249 556 2323 609 ut

213 643 373 714 urbis
406 641 649 714 incolis
704 641 895 712 simul
948 658 1015 712 et
1060 643 1516 714 defensoribus
1558 645 1800 712 horum
1841 643 1927 712 ad
1969 669 2318 714 numerum

214 753 266 818 V
297 748 448 822 mill.
481 750 829 818 hominum
872 748 1196 835 sufficiat;
1226 749 1371 819 duo
1412 751 1628 820 fontes
1667 751 1854 844 parvi
1889 763 1958 817 et
1996 773 2183 845 paene
2215 776 2324 820 ex-

212 857 414 924 siccati
438 855 703 949 quidem
720 909 739 942 ‚
772 855 887 924 sed
908 878 1145 950 parum
1174 859 1411 926 remoti
1432 881 1473 924 a
1494 856 1822 926 moenibus
1848 858 1918 924 in
1947 854 2122 925 clivo
2147 859 2289 926 occi
2309 895 2322 906 ·

212 961 434 1030 dentali
460 976 821 1048 exstantes,
852 987 975 1056 pro
996 961 1281 1056 reliquiis
1308 965 1533 1058 magni
1553 963 1754 1032 fontis
1771 977 2052 1057 possunt
2075 965 2320 1056 accipi;

210 1069 463 1162 vestigia
496 1066 889 1136 venerandae
918 1070 1325 1162 antiquitatis
1354 1084 1616 1163 reperta
1647 1082 1800 1137 sunt
1827 1067 1984 1137 olim
2005 1119 2024 1152 ‚
2055 1082 2124 1136 et
2153 1092 2318 1137 non-

211 1173 371 1245 nulla
394 1172 975 1260 visunturadhuc,
996 1199 1143 1268 quae
1172 1173 1419 1242 castelli
1439 1175 1878 1268 antiquissimi
1903 1174 2318 1268 praesentiam

210 1293 535 1349 testantur.
574 1282 897 1348 Praeterea
934 1282 1094 1350 situs
1134 1282 1335 1374 ipsius
1370 1280 1596 1375 oppidi
1629 1282 1998 1375 ingressum
2037 1281 2322 1374 regionis

210 1386 653 1456 Cadurcorum
683 1385 1077 1470 defendens;
1102 1401 1171 1454 et
1202 1386 1268 1453 id
1298 1411 1441 1456 esse
1465 1386 1694 1455 debuit
1719 1409 1976 1455 summa
2009 1401 2318 1456 votorum

208 1494 555 1587 Drappetis
613 1505 680 1563 et
738 1493 1030 1561 Lucterii
1092 1485 1309 1579 (hanc
1372 1495 1936 1562 circumstantiam
1958 1546 1978 1578 ‚
2038 1517 2186 1586 quae
2237 1493 2322 1560 ad

206 1600 677 1692 strategeticam
735 1612 986 1692 spectat
1006 1651 1027 1684 ,
1084 1597 1283 1692 paulo
1338 1599 1512 1668 infra
1567 1594 1918 1692 repetam)
1982 1600 2104 1666 His
2153 1597 2324 1668 adde

205 1706 615 1788 traditionem
657 1730 793 1773 non
833 1705 1268 1800 interruptam
1286 1758 1305 1791 ‚
1350 1730 1495 1798 quae
1537 1703 1962 1778 Uxelloduno
2004 1705 2178 1773 hanc
2215 1729 2324 1774 se-

206 1811 346 1880 dem
392 1811 795 1905 adsignavit,
838 1812 1263 1880 auctoritates
1302 1810 1656 1880 doctorum
1697 1825 1896 1904 atque
1941 1809 2324 1878 chartarum

211 1941 399 2013 supra
423 1932 975 2001 memoratarum3
1014 1932 1083 1986 et
1116 1917 1294 2011 quod
1338 1920 1745 2013 praecipuum
1783 1915 2080 2000 videtur,
2109 1919 2324 1984 nomi·

208 2026 299 2094 nis
331 2025 589 2118 antiqui
620 2049 774 2094 cum
807 2023 1130 2094 hodierno
1162 2022 1716 2094 absolutissimam
1755 2022 2322 2109 convenientium

209 2131 340 2200 haec
366 2184 385 2217 ‚
432 2132 668 2223 spretis
710 2128 1041 2200 nonnullis
1080 2129 1471 2200 differentiis
1492 2131 1704 2225 parvi
1757 2131 2078 2198 momenti
2095 2181 2114 2212 ‚
2161 2151 2324 2222 quas

210 2235 400 2331 longa
426 2239 628 2306 series
658 2237 974 2331 temporis
1014 2261 1236 2306 rerum
1274 2238 1572 2306 omnium
1605 2235 1828 2306 edacis
1869 2237 1939 2302 in
1971 2236 2098 2304 situ
2139 2249 2328 2329 topo-

209 2343 524 2438 graphico
546 2342 847 2412 locorum
867 2343 1313 2412 indubitanter
1327 2343 1548 2412 attulit
1561 2397 1582 2430 ,
1607 2345 1761 2412 satis
1783 2366 2112 2436 superque
2129 2358 2327 2412 erunt

210 2451 445 2518 adeos
486 2448 685 2542 culpa
720 2447 1123 2534 liberandOS,
1160 2451 1273 2542 qui
1319 2476 1444 2544 pro
1494 2463 1719 2518 monte
1766 2451 1829 2516 le
1847 2470 2006 2542 puy
2030 2448 2332 2517 d'Issolu

210 2555 485 2624 firmiter
514 2569 693 2624 stant
722 2554 1037 2624 adversus
1078 2555 1367 2625 fautores
1404 2555 1568 2624 alius
1611 2555 2086 2646 cujuscumque
2125 2555 2338 2622 urbis,

308 2664 399 2730 At
432 2661 728 2730 eruditus
768 2663 869 2730 vir
915 2661 1387 2756 Champollion
1424 2666 1688 2755 cheac
1723 2661 2106 2753 nuperrime
2149 2685 2334 2754 quae-

212 2771 525 2854 stionem,
564 2769 853 2861 quinque
906 2767 1043 2836 fere
1094 2767 1337 2836 abhinc
1385 2766 1620 2837 seculis
1653 2769 1690 2834 J
1693 2766 1974 2836 ohannis
2022 2767 2089 2832 II
2127 2767 2329 2834 Fran-

212 2899 441 2946 corum
470 2875 642 2967 regis
671 2875 739 2940 in
764 2873 1015 2942 chartal
1054 2877 1263 2960 atina,
1293 2897 1397 2941 an.
1449 2898 1475 2942 1
1494 2871 1634 2942 361
1687 2874 2089 2958 institutam,
2127 2886 2195 2940 et
2227 2874 2334 2940 in-

211 2980 470 3049 terdum
516 2980 601 3047 ab
644 2978 893 3072 aliquot
915 2963 1145 3048 doctis
1188 2979 1568 3048 hominibus
1613 2981 2064 3049 continuatam
2118 2967 2336 3048 denuo

212 3087 511 3182 repetiit3
556 3100 623 3155 et
654 3084 1151 3154 Uxellodunum
1195 3087 1469 3155 Caesaris
1512 3111 1647 3153 non
1690 3109 1830 3154 esse
1873 3087 1938 3153 le
1961 3108 2120 3178 puy
2147 3085 2224 3153 d·'
2225 3090 2336 3154 Is-

210 3195 361 3280 solu
384 3245 406 3278 ,
454 3191 569 3260 sed
620 3193 991 3287 Capdenac
1040 3190 1357 3286 oppidum
1416 3193 1483 3260 in
1535 3192 1764 3262 eadem
1821 3193 2093 3285 regione
2139 3193 2334 3260 situm

212 3297 569 3368 contendit.
614 3299 758 3366 Nec
800 3297 971 3366 ullus
1010 3321 1301 3392 unquam
1346 3300 1449 3366 vir
1484 3299 1610 3367 fuit
1647 3301 1864 3392 aptior
1901 3298 1984 3367 ad
2027 3297 2156 3366 tale
2191 3303 2336 3367 mu·
2361 3341 2375 3368 x

212 3430 339 3474 nus
370 3403 861 3496 exsequendum
880 3457 899 3490 ‚
933 3407 1179 3500 quippe
1212 3405 1359 3498 qui,
1391 3405 1654 3474 favente
1689 3404 2126 3474 illustrissimo
2163 3430 2338 3498 prae-

211 3511 389 3580 fecto
418 3511 807 3604 provinciae,
836 3513 1173 3604 regionem
1211 3512 1578 3604 peragrarit
1597 3565 1616 3596 ,
1648 3510 1946 3581 locorum
1979 3511 2336 3604 ichnogra-

212 3619 443 3711 phiam
476 3614 933 3702 delineaverit‚
964 3618 1421 3684 excavationes
1460 3613 1544 3686 ad
1591 3617 1880 3686 eruenda
1909 3632 2338 3688 monumenta

213 3723 480 3810 fecerit3
522 3727 659 3790 uno
699 3721 904 3791 verbo
945 3721 1109 3790 nihil
1135 3722 1581 3792 intermissum
1610 3722 1980 3817 reliquerit,
2009 3723 2222 3793 donec
2255 3727 2340 3794 ad

212 3831 629 3923 propositum
655 3829 1029 3922 pervenerit
1052 3852 1280 3914 suum;
1308 3828 1495 3920 cujus
1521 3844 1869 3924 postquam
1899 3831 2182 3898 rationes
2205 3831 2346 3900 bre·

211 3939 382 4004 viter
411 3957 781 4029 exposuero
802 3987 819 4017 ‚
848 3934 1137 4032 quidque
1164 3933 1245 4004 de
1272 3936 1349 4002 iis
1376 3935 1517 4028 ipse
1546 3937 1824 4004 sentiam
1852 3934 2055 4004 libere
2081 3937 2306 4007 dixero
2324 3989 2342 4022 ‚

206 4057 448 4114 coetera
487 4041 750 4110 lectoris
779 4041 1026 4131 judicio
1074 4055 1269 4137 atque
1306 4040 1578 4113 arbitrio
1627 4041 1906 4112 libenter
1951 4046 2345 4137 permittam.
