3017 5042
532 481 618 527 12
843 474 846 477 ·
1091 458 1168 526 c.
1224 453 1521 562 sum
1577 455 2056 526 cAESAms

517 606 657 650 uno
717 595 786 650 et
830 581 1151 650 vicesimo
1207 584 1431 650 Caesar
1477 578 1932 669 Dolabellam,
1975 579 2185 650 altero
2237 593 2308 649 et
2350 577 2669 652 vicesimo

519 687 785 757 Asinius
830 685 1040 756 Pollio
1095 689 1173 758 C.
1222 688 1550 757 Catonem
1583 741 1602 775 ,
1654 712 1793 756 non
1850 685 2064 756 multo
2132 700 2324 756 aetate
2390 675 2670 756 antece-

521 794 686 863 dens
711 793 959 864 Calvus
989 793 1374 880 Vatinium,
1400 795 1478 862 iis
1514 794 1930 864 orationibus
1968 795 2249 862 insecuti
2280 807 2437 863 sunt
2456 847 2475 881 ,
2504 820 2672 888 quas

521 901 855 996 hodieque
885 925 1043 971 cum
1088 899 1527 969 admiratione
1568 898 1865 997 legimus.
1892 901 2019 970 Ex
2039 902 2346 995 Dialogo
2386 900 2473 969 de
2505 925 2672 970 vora·

524 1007 783 1076 toribus
790 1061 813 1094 ,
855 1031 1014 1104 cap.
1067 1004 1185 1091 34.

633 1116 949 1184 Ceterum
999 1114 1369 1208 composita
1407 1112 1730 1182 seditione
1773 1113 1980 1202 civili,
2024 1111 2411 1182 Cornelium
2453 1111 2673 1182 Dola-
2740 1103 2749 1110 ²

526 1219 768 1291 bellam
805 1217 1227 1290 consularem
1265 1234 1332 1288 et
1374 1219 1846 1315 triumphalem
1889 1221 2109 1289 virum
2148 1218 2675 1315 repetundarum

527 1325 1379 1422 postulavit,absolutoque
1409 1326 1728 1396 Rhodum
1756 1327 2063 1397 secedere
2088 1329 2465 1397 statuitEx
2481 1329 2671 1398 Suet.

530 1436 702 1504 Caes.
745 1458 802 1502 c.
843 1429 907 1503 5.
2466 1509 2469 1514 ,

633 1541 852 1610 Divus
921 1565 1189 1635 quoque
1256 1538 1502 1628 Julius,
1563 1565 1764 1636 quam
1824 1536 2106 1612 coelestis
2162 1542 2482 1628 numiniS,
2534 1553 2677 1610 tam

525 1647 725 1717 etiam
752 1647 1030 1717 humani
1055 1648 1302 1742 ingenii
1327 1648 1883 1743 perfectissimum
1910 1647 2251 1736 columen,
2275 1649 2413 1717 vim
2442 1646 2677 1716 facun-
2720 1652 2725 1656 '

399 1834 410 1849 δ
526 1750 651 1822 diae
694 1754 984 1849 propriae
1015 1757 1370 1849 expressit,
1406 1755 1692 1824 dicendo
1728 1757 1799 1823 in
1830 1757 2251 1825 accusatione
2291 1757 2419 1824 Cn.
2457 1751 2675 1823 Dola-

528 1859 750 1949 bellae,
787 1885 986 1956 quem
1026 1855 1214 1929 reum
1255 1863 1389 1956 egit
1410 1916 1429 1950 ,
1458 1863 1840 1957 extorqueri
1876 1861 2000 1931 sibi
2043 1887 2313 1931 causam
2350 1862 2677 1957 optimam

529 1969 606 2036 L.
642 1969 859 2037 Cottae
901 1969 1296 2062 patrocinio,
1320 1971 1448 2038 Ex
1481 1971 1559 2037 V
1548 1970 1641 2038 al.
1676 1972 1880 2037 Max.
1914 1967 2026 2037 lib.
2069 1972 2275 2038 VIII.
2316 1993 2373 2038 c.
2418 1991 2487 2062 9.

638 2077 714 2143 C.
762 2072 990 2144 Caesar
1048 2076 1172 2142 Cn.
1242 2072 1666 2154 Dolabellam
1720 2077 2101 2161 accusavit,
2136 2100 2260 2146 nec
2310 2073 2674 2144 damnavit.

531 2183 656 2250 Ex
687 2180 1004 2250 Pediano
1041 2185 1113 2249 in
1141 2196 1318 2250 orat.
1338 2206 1483 2278 pro
1514 2185 1769 2250 Marco
1799 2184 2087 2253 Scauro,

640 2287 987 2382 Significat
1025 2301 1092 2355 et
1133 2290 1502 2376 Caesarem,
1552 2289 1712 2357 item
1774 2287 2299 2375 adolescentem,
2341 2289 2411 2356 in
2467 2284 2675 2356 Dola-

532 2392 704 2462 bella
739 2419 856 2462 reo
893 2419 973 2462 ex
1016 2393 1264 2482 Sicilia,
1310 2397 1434 2487 qui·
1475 2394 1747 2489 quidem
1787 2394 2137 2480 damnatus
2176 2409 2305 2483 est,
2348 2408 2679 2490 quantum

533 2502 833 2596 oportuit
859 2525 982 2596 per
1011 2502 1476 2589 Hortensium,
1507 2515 1631 2570 etc.
1671 2505 1741 2573 E
1741 2523 1797 2570 x
1832 2501 2149 2571 Pediano
2180 2507 2250 2570 in
2278 2501 2478 2572 divin.
2517 2503 2594 2568 V
2583 2499 2673 2568 id.

533 2607 886 2678 Plutarch.
932 2606 1094 2676 ibid.
1140 2630 1296 2704 cap.
1347 2611 1393 2693 4
1407 2661 1428 2694 ,
1483 2624 1745 2678 nostroe
1785 2607 1947 2678 edit.
1998 2609 2138 2677 vol.
2183 2611 2345 2695 ΙΙΙ,
2365 2632 2447 2704 p.
2500 2631 2593 2702 27
2616 2631 2641 2676 1
2658 2659 2672 2674 .

637 2706 670 2738 '⁶
714 2713 820 2782 Ad
854 2714 1092 2782 urbem
1135 2739 1299 2783 vero
1345 2740 1653 2785 reversus
1702 2714 2064 2809 postulavit
2105 2713 2525 2784 Dolabellam
2573 2738 2676 2783 re-

533 2819 1014 2917 petundarum,
1049 2823 1481 2916 civitatesque
1528 2824 1807 2892 Graeciae
1850 2822 2229 2916 frequentes
2274 2823 2333 2890 ei
2371 2821 2675 2890 testimo-

535 2929 720 2997 nium
752 2926 1009 3016 dixere3
1031 2953 1269 2998 verum
1295 2927 1639 2998 absolutus
1664 2943 1765 2996 est
1781 2925 2152 2998 Dolabella.
2174 2931 2243 2998 E
2244 2951 2299 2998 x
2322 2925 2675 2998 Plutarch.

532 3039 606 3103 in
655 3036 934 3106 Caesare
947 3088 967 3124 ,
1008 3051 1268 3103 nostr-ce
1307 3035 1468 3104 edit.
1520 3036 1659 3104 vol.
1705 3038 1838 3105 III
1840 3089 1865 3123 ‚
1905 3034 2059 3103 ibid.

1138 3209 1266 3276 Ex
1305 3213 1620 3278 oratione
1660 3209 1766 3278 ad
1795 3211 2077 3298 Milites,

642 3369 844 3437 Fama
867 3391 1030 3436 vero
1052 3366 1393 3437 hostilium
1423 3371 1771 3462 copiarum
1810 3370 2197 3463 perterritos
2212 3421 2231 3455 ,
2254 3392 2391 3437 non
2422 3389 2691 3468 megan-D

537 3473 624 3542 do
661 3473 1108 3543 minuendove
1125 3529 1144 3563 ,
1181 3474 1296 3543 sed
1348 3476 1622 3571 insuper
1672 3474 2143 3570 amplificando
2161 3528 2181 3562 ,
2218 3474 2689 3561 ementiendo-¹

536 3606 666 3674 que
697 3579 1156 3650 confirmabat.
1189 3583 1424 3676 Itaque
1459 3607 1669 3676 quum
1701 3581 2108 3676 exspectatio
2130 3573 2465 3650 adventus
2488 3581 2681 3650 Jubae

537 3685 850 3756 terribilis
895 3701 1102 3776 esset,
1137 3691 1524 3758 convocatis
1551 3688 1636 3757 ad
1674 3690 2063 3758 concionem
2104 3687 2423 3757 militibus
2442 3741 2461 3775 ,
2485 3716 2519 3752 <c
2540 3681 2677 3756 Sci-

538 3808 678 3862 tote
699 3848 718 3881 ,
747 3795 995 3887 inquit,
1024 3796 1438 3888 paucissimis
1470 3795 1575 3864 his
1604 3795 1839 3864 diebus
1866 3819 2093 3891 regem
2121 3794 2491 3864 affuturum
2523 3819 2678 3864 cum

536 3925 582 3982 X
622 3898 1028 3995 legionihuS,
1083 3903 1378 3995 equitum
1421 3925 1583 3986 XXX,
1640 3900 1801 3970 levis
1844 3917 2199 3972 armaturae
2252 3925 2292 3970 c
2346 3899 2679 3989 millibus,

536 4003 1036 4102 elephantisque
1072 4030 1201 4078 ccc
1231 4034 1246 4076 :
1280 4007 1561 4102 proinde
1603 4008 1908 4079 desinant
1946 4008 2216 4104 quidam
2255 4031 2553 4103 quaerere
2587 4006 2681 4088 ul·

537 4126 642 4182 tra
658 4169 677 4203 ,
713 4128 830 4184 aut
876 4115 1169 4210 opinari3
1211 4116 1506 4210 mihique
1522 4170 1541 4204 ,
1578 4117 1693 4211 qui
1750 4129 2170 4211 compertum
2227 4114 2445 4185 habeo
2461 4169 2482 4201 ,
2524 4139 2683 4184 cre-
