3017 5042
664 474 809 565 134
1134 477 1592 549 NOTITIA
1645 476 2308 545 LITTERARIA

651 624 932 679 testatur
956 634 1221 704 quoque
1251 610 1492 679 diserte
1525 608 1874 677 Suetonius
1904 609 1973 676 in
2007 610 2046 675 J
2049 606 2216 693 ulio,
2245 632 2390 702 cap.
2417 600 2547 693 56,
2577 622 2792 679 utros·

650 742 780 811 que
812 711 895 783 de
931 716 1104 785 bello
1142 714 1318 785 civili
1356 739 1434 783 ac
1473 714 1732 784 Gallico
1768 714 2278 781 commentarios
2323 712 2639 807 simplici,
2675 713 2796 783 ele-

652 824 835 917 ganti
900 836 967 891 et
1021 822 1368 890 emendata
1429 820 1718 888 dictione
1771 833 2085 888 venustos
2139 821 2384 887 Caesari
2444 844 2792 914 perperam

649 926 1114 1021 abjudicarunt
1152 927 1535 996 Ludovicus
1579 926 1846 1011 Carri0,
1883 924 2315 1019 Floridusque
2356 926 2638 994 Sabinus
2665 924 2684 948 ¹
2731 941 2796 995 et

651 1032 1033 1120 Ludovicus
1066 1033 1453 1118 Caduccm,
1484 1032 1686 1100 libros
1713 1030 1796 1098 de
1815 1029 1988 1099 bello
2017 1028 2273 1099 Gallico
2291 1030 2376 1097 ad
2399 1032 2793 1099 Suetonium

652 1154 993 1207 auctorem
1017 1139 1267 1209 referre
1292 1138 1476 1206 haud
1500 1140 1788 1205 veritus:
1817 1161 2102 1229 quorum
2127 1137 2450 1204 sententia
2469 1136 2635 1205 mihi
2660 1137 2796 1206 fere

650 1268 837 1338 aeque
874 1245 1157 1313 absurda
1190 1244 1454 1312 videtur
1490 1257 1688 1336 atque
1727 1240 1930 1329 illius,
1970 1266 2184 1336 quem
2213 1244 2478 1311 Isaacus
2515 1244 2792 1311 Vossius

649 1353 719 1419 in
760 1351 1295 1444 responsionibus
1331 1350 1578 1468 primis
1600 1348 1685 1416 ad
1719 1347 1974 1441 objecta
2015 1348 2206 1416 Rich.
2248 1349 2532 1415 Simonis
2569 1363 2796 1417 narrat

649 1455 1181 1525 dissertationem
1220 1456 1721 1549 conscripsisse,
1750 1472 1882 1548 qua
1922 1452 2086 1521 falsa
2115 1455 2540 1523 convinceret
2556 1479 2792 1547 ,quae-

651 1586 915 1655 cunque
959 1564 1025 1631 in
1064 1562 1247 1631 libris
1288 1562 1373 1629 de
1410 1558 1583 1629 bello
1621 1557 1880 1629 Gallico
1913 1562 2446 1646 continerentur,
2477 1573 2546 1628 et
2571 1560 2794 1642 multis

650 1668 921 1762 insuper
948 1668 1353 1755 ostenderet,
1394 1669 1724 1735 Caesarem
1749 1690 2090 1760 nunquam
2125 1666 2436 1734 transisse
2459 1663 2698 1759 Alpes,
2731 1680 2798 1734 et

650 1798 735 1841 ne
756 1773 992 1843 vidisse
1004 1774 1271 1872 guidem
1294 1760 1602 1843 Galliam.
1622 1775 1660 1840 J
1662 1786 1848 1841 ustus
1865 1794 2130 1866 quoque
2148 1772 2413 1865 Lipsius
2441 1768 2795 1865 aliquando

648 1881 911 1973 putavit
950 1879 1151 1948 alium
1189 1904 1367 1967 esse,
1414 1880 1528 1974 qui
1563 1878 1646 1946 de
1682 1876 1856 1947 bello
1895 1876 2190 1963 Gallice,
2229 1890 2298 1945 et
2341 1879 2454 1971 qui
2491 1875 2576 1945 de
2621 1877 2794 1946 civili

650 1987 1044 2079 scripsisset,
1069 1986 1175 2055 vel
1209 1985 1441 2055 saltem
1476 1984 1680 2054 libros
1715 1983 1797 2052 de
1830 1980 2006 2052 bello
2034 1980 2294 2052 Gallico
2321 2006 2360 2050 a
2391 1985 2428 2050 J
2431 1981 2568 2051 ulio
2596 1983 2794 2053 Celso

648 2091 1082 2185 interpolatos
1122 2092 1207 2160 ad
1244 2116 1365 2160 nos
1409 2091 1822 2185 pervenisse,
1861 2090 1968 2175 II,
2007 2114 2046 2185 7
2073 2143 2092 2176 ,
2129 2087 2413 2157 Elector.
2449 2102 2518 2157 et
2539 2092 2606 2157 II
2649 2090 2799 2183 Epi-

650 2194 935 2265 stolicar.
981 2211 1209 2290 quaest.
1253 2212 1319 2266 et
1352 2198 1421 2263 in
1456 2211 1756 2292 extremo
1800 2194 2268 2264 Analectorum
2306 2194 2391 2261 ad
2425 2192 2534 2263 lib.
2571 2197 2678 2282 II,
2713 2195 2796 2263 de

648 2299 875 2375 militia
919 2305 1244 2371 Romana.
1292 2304 1493 2371 Certe
1531 2326 1738 2370 unum
1778 2301 2216 2394 eumdemque
2245 2302 2572 2370 Caesarem
2614 2325 2794 2389 esse,

648 2408 763 2499 qui
820 2406 1116 2485 debello
1160 2406 1420 2477 Gallico
1460 2407 1664 2477 libros
1701 2410 1867 2496 VII,
1904 2420 1972 2475 et
1995 2409 2103 2475 III
2155 2406 2242 2474 de
2285 2405 2457 2475 civili
2500 2407 2793 2501 scripsit,

651 2510 841 2581 facile
870 2512 1201 2583 credimus
1230 2502 1628 2583 etVeterum
1658 2513 2046 2587 testimoniis
2075 2525 2141 2581 et
2171 2512 2319 2605 styli
2353 2512 2686 2581 emendati
2720 2537 2794 2585 ac

648 2618 961 2713 simplicis
1002 2619 1295 2689 mirificae
1342 2619 1764 2689 similitudini.
1810 2620 2050 2688 Libros
2092 2618 2190 2687 de-
2213 2616 2390 2686 bello
2433 2620 2616 2687 civili
2652 2618 2792 2687 dis-

646 2725 1119 2794 sertationibus
1157 2725 1579 2819 Philologicis
1622 2749 1678 2793 a.
1735 2723 1920 2810 1641
1977 2722 2306 2793 illustrare
2362 2725 2566 2818 coepit
2600 2728 2789 2793 Joan.

644 2830 932 2917 Bavius,
964 2830 1307 2899 Professor
1341 2833 1610 2899 Soranae
1642 2829 2050 2917 Academiae3
2093 2829 2206 2899 sed
2245 2832 2360 2897 vix
2390 2828 2567 2897 ultra
2603 2830 2790 2899 binas

644 2935 1006 3028 adspexere
1026 2936 1287 3023 lucem,
1314 2961 1598 3030 quarum
1633 2937 1847 3030 prima
1883 2933 2272 3005 illustrando
2304 2934 2538 3024 Floro,
2563 2938 2702 3023 IV,
2744 2962 2783 3005 2

645 3032 813 3129 (ubi
854 3041 939 3110 de
984 3044 1246 3111 Caesare
1282 3035 1627 3133 disserit),
1668 3042 2089 3137 impenditur.

643 3244 850 3315 Liber
880 3247 968 3317 de
1003 3246 1179 3317 bello
1214 3235 1703 3319 Alexandrino
1719 3302 1740 3335 ,
1788 3252 1969 3319 alius
2003 3248 2092 3318 de
2125 3250 2475 3341 Africano
2489 3302 2513 3335 ,
2531 3292 2538 3299 ·
2555 3266 2632 3317 et
2665 3265 2790 3319 ter-

696 3357 833 3421 tius
859 3352 947 3423 de
986 3358 1489 3452 Hzlrpam‘ensz',
1513 3371 1797 3425 auctore
1821 3358 1916 3426 A.
1947 3360 2182 3425 Hirtio
2207 3356 2327 3425 vel
2361 3356 2436 3425 C.
2486 3358 2734 3451 Oppio.

748 3530 1077 3625 subjungi
1114 3529 1218 3599 his
1257 3528 1472 3618 solent
1500 3554 1526 3601 1
1543 3528 1567 3553 ⁰
1597 3530 1770 3600 liber
1791 3530 1882 3599 de
1915 3518 2093 3599 bello
2127 3532 2425 3601 Coesarzls·
2454 3532 2782 3600 Alexan-

638 3634 837 3704 drino
853 3688 874 3722 ,
924 3638 1039 3730 qui
1080 3638 1372 3705 Hirtium
1398 3690 1418 3724 ,
1456 3650 1534 3703 ut
1575 3635 1878 3724 videtur,
1915 3636 2119 3707 habet
2167 3646 2511 3705 auctorem
2531 3690 2552 3723 ,
2601 3651 2783 3706 certe

636 3742 985 3829 eumdem,
1014 3744 1129 3837 qui
1174 3740 1415 3812 librum
1439 3744 1612 3811 VIII
1644 3740 1728 3811 de
1763 3740 1938 3810 bello
1977 3740 2234 3811 Gallico
2270 3740 2557 3828 addidit3
2599 3740 2673 3809 2⁰
2698 3742 2784 3811 de

636 3846 815 3917 bello
838 3848 1191 3940 Africano
1204 3876 1234 3934 ‚‘
1263 3846 1437 3942 quod
1466 3872 1618 3916 cum
1643 3850 1680 3917 J
1682 3841 1848 3934 uba,
1867 3847 2311 3917 Numidarum
2341 3872 2528 3941 rege,
2560 3848 2783 3916 Caesar

635 3956 865 4048 gessit,
904 3954 1103 4040 liber,
1132 3953 1354 4047 judice
1391 3954 1618 4047 Lipsio
1635 4006 1654 4039 ‚
1685 3952 2243 4048 elegantissimus‘,
2273 3967 2474 4047 atque
2508 3951 2601 4021 illi
2625 3954 2783 4048 ipsi,

720 4153 766 4190 1.
799 4134 943 4190 Vide
964 4114 1224 4191 “vossium
1252 4136 1349 4191 nb.
1380 4136 1435 4204 1,
1464 4135 1535 4191 de
1570 4136 1708 4190 nist.
1737 4136 1854 4191 Lat.
1885 4154 2002 4209 cap.
2036 4136 2122 4191 13.
