3017 5042
676 422 813 489 DE
880 422 958 489 c,
1027 419 1333 489 mmo
1400 398 1825 487 CAE'SARE.
2163 448 2308 521 ης

234 578 339 647 que
376 568 683 652 gestarum
718 551 1173 647 magnitudine
1206 550 1608 619 clarissimus
1625 605 1644 637 ,
1689 567 1842 645 post
1881 554 2131 623 victum
2183 560 2307 627 Cn.

236 661 573 754 Pompeium
588 673 655 728 et
674 682 1059 753 oppressam
1084 654 1478 744 libertatem,
1489 682 1700 751 quum
1713 682 1974 726 summa
1988 676 2312 753 potestate

235 764 417 859 paullo
449 765 611 834 ultra
643 765 1144 859 quadriennium
1186 764 1530 831 moderate
1565 765 1720 831 satis
1761 788 1920 832 usus
1957 764 2184 859 fuisset
2202 822 2221 853 ,
2246 772 2315 837 in

234 874 385 939 curia
423 896 460 939 a
500 872 852 965 conjuratis
894 869 1238 939 confossus
1281 870 1476 963 periit
1517 868 1746 938 Idibus
1806 872 2100 959 Martiis,
2127 890 2316 945 ‘anno
2383 910 2387 914 ·

235 977 402 1046 Urbis
439 1002 475 1075 7
494 1002 579 1047 10
601 1033 622 1065 ,
645 992 797 1046 ante
823 976 951 1045 Ch.
982 979 1118 1063 44,
1147 977 1355 1044 >aetatis
1398 972 1515 1045 56.
1550 977 1776 1045 Vitam
1810 978 2088 1045 Caesaris
2119 1002 2158 1047 a
2187 982 2320 1051 Ste-

235 1082 423 1176 phano
460 1085 801 1153 Ambrosio
838 1082 1381 1176 Schiappalaria
1408 1082 1718 1176 scriptam
1752 1082 1980 1152 Italice
2000 1138 2019 1171 ‚
2043 1084 2318 1153 editam·

236 1213 337 1281 que
370 1190 684 1285 Antwerp.
740 1186 972 1285 1578,
1018 1186 1243 1256 laudat
1292 1187 1477 1257 Gisb.
1521 1188 1901 1282 Cuperus¹,
1953 1192 2188 1260 Exere.
2253 1196 2324 1264 II

236 1292 301 1361 de
336 1294 675 1389 elephantis
722 1297 791 1364 in
830 1294 1047 1362 numis
1088 1318 1237 1387 pag.
1289 1290 1473 1380 164,
1513 1310 1582 1362 et
1617 1320 1679 1388 p.
1733 1292 1917 1391 1673
1962 1299 2061 1365 J0.
2117 1298 2324 1368 Glan-

236 1398 413 1495 dorpii
434 1400 593 1469 liber
604 1402 689 1470 de
717 1399 962 1470 familia
979 1403 1017 1468 J
1019 1398 1182 1485 ulia,
1200 1397 1395 1468 Basil.
1430 1420 1457 1470 1
1477 1396 1650 1494 576,
1675 1400 1744 1488 8,
1767 1415 1834 1468 et
1855 1404 2058 1471 Paris.
2093 1428 2119 1473 1
2136 1402 2288 1492 634
2307 1462 2326 1494 ,

238 1508 273 1589 4
309 1509 628 1601 separatim
657 1493 832 1601 typis
880 1506 1250 1600 exscriptus
1270 1558 1289 1592 ,
1332 1506 1531 1572 etiam
1573 1506 1715 1599 ejus
1754 1508 2184 1579 Onomastico
2226 1514 2326 1581 hi-

236 1612 413 1679 storiae
450 1616 765 1682 Romanae
802 1614 1089 1680 insertus
1140 1610 1381 1703 legitur
1441 1634 1465 1679 1
1488 1606 1637 1705 589
1660 1665 1679 1698 ,
1728 1611 1840 1681 fol.
1896 1640 1958 1707 p.
2021 1618 2172 1702 414
2195 1672 2215 1705 ,
2259 1622 2330 1687 in

236 1740 341 1809 quo
372 1717 446 1787 de
476 1720 669 1788 rebus
713 1719 995 1787 Caesaris
1028 1718 1225 1786 etiam
1257 1715 1634 1809 diligentem
1667 1721 1774 1786 cui
1801 1720 2088 1788 conferri
2113 1739 2331 1815 potest

237 1824 464 1918 Georgii
506 1823 859 1894 Schubarti
904 1825 1128 1892 Caesar
1184 1822 1528 1909 Dictator,
1567 1838 1694 1891 etc.
1743 1826 1925 1892 Jemae
1983 1851 2006 1894 1
2025 1826 2124 1896 68
2143 1852 2169 1897 1
2200 1883 2218 1913 ‚
2259 1833 2328 1915 4.

234 1928 315 1997 Ex
329 1932 527 2000 numis
550 1955 757 2025 genus
776 1932 1115 2023 vitamque
1144 1929 1421 1997 Caesaris
1446 1944 1766 2021 praeterea
1795 1928 2126 2000 illustrant
2149 1936 2328 2005 Hub.

234 2033 529 2126 Goltzius,
564 2038 805 2131 Brugis
852 2060 881 2104 1
902 2032 1090 2121 563,
1124 2034 1234 2103 fol.
1270 2049 1339 2103 et
1374 2034 1546 2103 Lud.
1593 2036 1794 2104 Nonii
1839 2042 2331 2111 commentariis

234 2136 548 2213 illustratus
568 2146 902 2236 Antwerp.
940 2166 967 2211 1
984 2140 1162 2229 620,
1191 2140 1327 2229 fpl.;
1349 2142 1549 2209 Laur.
1577 2144 1868 2237 Begerus
1895 2145 1963 2210 in
1990 2144 2334 2215 Thesauro

232 2244 523 2337 Palatino,
565 2276 629 2344 p.
688 2246 782 2344 73
826 2263 894 2316 et
940 2271 1089 2341 290
1133 2272 1226 2341 sq.
1245 2298 1267 2349 ,
1308 2262 1374 2315 et
1420 2249 1491 2315 in
1533 2249 1878 2317 Thesauro
1910 2252 2281 2321 Brandenb.
2312 2304 2332 2338 ,

233 2362 365 2420 tom.
400 2358 497 2439 ΙΙ,
538 2382 601 2450 p.
652 2352 807 2423 600
854 2376 985 2446 sq.,
1028 2368 1095 2421 et
1130 2366 1291 2421 tom.
1333 2356 1475 2439 HI,
1516 2378 1579 2447 p.
1634 2353 1792 2443 8·6.;
1834 2358 1932 2424 Jo.
1968 2358 2332 2429 Seobaldus

233 2456 523 2530 Fabricius
548 2462 616 2529 in
647 2462 907 2529 Caesare
944 2460 1441 2545 numismatico,
1464 2460 1678 2528 Lond.
1716 2459 1946 2557 1678,
1979 2464 2062 2549 83
2103 2466 2328 2558 Steph.

232 2564 468 2635 Soucz‘e't
504 2568 566 2636 S.
606 2570 665 2635 Ι.
704 2568 772 2634 in·
810 2566 959 2634 diss.
988 2565 1074 2632 ad
1102 2589 1383 2633 numum
1426 2565 1826 2658 singularem
1855 2571 2136 2637 Caesaris
2175 2596 2328 2639 cum

231 2670 469 2741 victoria
518 2672 730 2759 alata,
790 2673 857 2739 in
914 2671 1249 2738 memoriis
1305 2668 1702 2740 Trevo'ltinis
1753 2696 1810 2740 a.
1885 2697 1971 2767 17
1994 2698 2016 2741 1
2039 2670 2120 2759 3,
2161 2679 2323 2745 Dec.

230 2798 283 2866 p.
325 2776 545 2867 21453
586 2774 873 2849 Carolus
910 2778 1181 2845 Patinus
1224 2774 1310 2843 ad
1353 2778 1683 2843 Caesarem
1737 2780 2066 2866 Suetonii,
2111 2795 2178 2848 et
2216 2786 2328 2874 qui

228 2902 431 2953 numos
458 2886 937 2981 imperatorum
962 2896 1388 2969 enarrarunt,
1427 2883 1644 2967 OccO,
1671 2884 2043 2971 TristanuS,
2079 2886 2330 2955 Medio-

226 2984 471 3079 barhus,
508 2990 870 3085 Angeloni,
912 2988 1293 3076 PedrusiuS,
1327 2986 1610 3075 Valens,
1649 2986 1888 3082 aliique
1908 3044 1927 3076 ,
1965 2989 2212 3067 laudati
2241 2994 2326 3062 ad

227 3094 482 3165 A-nselmi
508 3097 825 3166 Bandurii
850 3094 1326 3164 Bibliothecam
1356 3096 1885 3163 numismatic-am
1917 3122 1980 3191 p.
2019 3123 2058 3165 2
2073 3096 2164 3194 37
2203 3126 2320 3194 sq.;

227 3200 335 3268 Jos.
379 3205 584 3275 Kkell
632 3205 701 3270 in
753 3201 1212 3297 supplemento
1263 3200 1348 3267 ad
1400 3202 1792 3274 numismata
1845 3204 2323 3297 imperatorum

155 3382 166 3395 ι
226 3306 651 3379 Romanorum
694 3333 894 3380 aurea
933 3322 1001 3375 et
1044 3322 1355 3403 argentea
1398 3331 1437 3374 a
1479 3308 1545 3375 V
1548 3306 1836 3377 aillantio
1880 3310 2055 3381 edita
2097 3334 2137 3378 a
2173 3312 2322 3387 Bal-

107 3470 111 3479 .
226 3408 379 3482 dinio
416 3430 639 3504 aucta,
678 3414 1103 3484 etc.Vindob.
1158 3410 1386 3508 1767,
1418 3416 1501 3499 4,
1537 3438 1608 3505 p.
1663 3436 1690 3481 1
1722 3440 1912 3507 ·sqq.;
1957 3420 2094 3485 Jac.
2135 3420 2322 3487 Oise·

225 3512 327 3590 lius
347 3524 409 3589 in
427 3523 771 3594 Thesauro
801 3518 1193 3588 selectorum
1217 3520 1688 3587 numismatum
1706 3522 2134 3615 :antiquorum
2149 3578 2168 3611 ,
2193 3540 2316 3593 etc.

220 3622 462 3697 Amstel.
515 3626 710 3723 1667
730 3680 749 3713 ,
792 3630 875 3711 4,,
910 3626 995 3695 ab
1034 3627 1254 3712 initi-0,
1297 3624 1536 3718 aliique
1571 3627 1990 3697 recentiores.
2027 3627 2319 3705 Alexan-

220 3726 389 3800 drum
430 3747 584 3801 cum
628 3736 889 3802 Caesaoe
926 3730 1209 3801 contuli-t
1255 3730 1680 3819 Plutarchus,
1729 3734 2014 3827 Poggius
2059 3737 2317 3829 Scipio-

292 3936 338 3973 1.
356 3922 509 3977 Tom.
530 3924 643 3987 111;
669 3922 929 3977 Thesauri
951 3921 1079 3973 novi
1106 3916 1217 3972 An'-
1303 3938 1391 3972 an.
1432 3922 1598 3986 1600,
1623 3928 1654 3984 4
1670 3960 1686 3986 ,
1710 3920 2134 3993 Schiappallariae
2163 3926 2322 3996 hujus

221 3994 498 4069 tiquitatum
531 4004 814 4055 Romanar.
855 3998 1227 4071 sallengriani,
1305 4000 1696 4053 observationes
1713 4002 2011 4071 politicaein
2023 3995 2324 4061 C.Jul'.Cae·

218 4074 409 4135 Recusae
445 4083 607 4135 etiam
631 4082 1033 4137 Veronensibus
1078 4080 1221 4149 typis
1308 4080 1436 4132 saris
1462 4080 1646 4132 vitam.

302 4192 424 4258 JV.
1903 4214 2047 4305 9,
