3017 5042
385 532 397 542 .
473 565 478 570 ⁸
559 443 656 576 54'
1009 487 1809 557 -SUPPLEMENTA
1860 488 2209 574 VARiA,
2316 456 2323 460 ’

431 665 438 675 ,
554 625 622 690 in
666 636 806 691 tota
833 623 1206 715 Hungaria,
1245 645 1444 715 super
1480 619 1793 690 Danubio
1830 619 2100 690 flumine
2119 674 2139 707 ‚
2189 634 2433 692 vocant
2470 625 2688 692 Graeci

441 785 446 790 .
555 721 836 821 σχεδίαν,
862 726 1084 796 Latini
1110 743 1330 796 ratem
1354 779 1377 812 ‚
1414 726 1589 796 Galli
1608 724 1899 795 :radenza
1924 727 2142 820 Hujus
2172 729 2429 821 generis
2457 730 2686 797 inven-

555 836 800 904 tionem
844 833 1066 929 Lydiis
1107 831 1408 902 nonnulli
1452 833 1772 901 tribuunt.

660 941 1039 1010 Secundum
1085 941 1327 1033 navigii
1365 963 1609 1033 geum,
1640 953 1714 1008 et
1748 937 2011 1033 quidem
2034 954 2537 1034 pervetustum,
2560 941 2691 1010 ,ho-

559 1048 977 1140 minibusque
1034 1044 1138 1115 vel
1194 1045 1615 1114 ferocissimis
1672 1047 2006 1130 innatum,
2060 1059 2135 1113 ut
2182 1045 2409 1114 videre
2457 1047 2581 1116 fuit
2622 1050 2689 1116 in

521 1157 535 1173 ‘
559 1167 699 1222 tota
752 1153 1056 1222 America
1076 1205 1095 1240 ‚
1141 1151 1316 1220 idem
1355 1166 1468 1220 est
1496 1151 1695 1244 quod
1733 1145 2073 1244 ὲμιεννόξυλον
2132 1153 2353 1221 Graeci
2410 1167 2690 1240 vocant,

560 1261 779 1328 Latini
832 1257 1180 1353 cymbam,
1243 1257 1418 1327 Galli
1460 1257 1797 1351 gondole,
1846 1282 1929 1324 ex
1972 1283 2109 1326 uno
2156 1258 2411 1326 arboris
2450 1273 2691 1328 trunco

559 1380 877 1434 excavato
944 1365 1263 1434 effictum.
1338 1362 1853 1457 Monoxylorum
1919 1364 2222 1432 meminit
2266 1364 2652 1458 Xenophon
2671 1419 2693 1452 ,

559 1471 600 1540 l.
633 1473 766 1559 VI,
803 1474 969 1540 Hist.
1011 1496 1204 1566 graec.
1226 1523 1246 1557 ,
1278 1471 1498 1563 aitque
1529 1469 1801 1564 singulis
1832 1483 2059 1538 vectos
2089 1484 2224 1537 tres
2260 1471 2439 1538 viros
2472 1470 2689 1540 fuisse.

555 1581 822 1646 -Horum
849 1601 1044 1664 usuS,
1069 1591 1234 1645 teste
1263 1579 1455 1671 Spon
1468 1629 1491 1663 ,
1526 1599 1775 1670 voyag.
1803 1589 1849 1643 t.
1872 1577 1906 1643 I
1924 1630 1943 1661 ,
1972 1599 2035 1669 p.
2074 1578 2159 1660 14
2176 1598 2237 1661 1,
2266 1577 2448 1670 viget
2474 1576 2694 1647 adhuc

563 1685 631 1752 in
663 1686 948 1754 Graecia.
979 1684 1267 1777 Cymhae
1311 1697 1466 1751 sunt
1491 1705 1749 1750 -exuno
1788 1681 2043 1750 arboris
2076 1696 2327 1750 :trunco
2376 1679 2697 1752 excarato

565 1790 918 1878 confectae,
956 1790 1169 1885 longae
1204 1791 1338 1858 XV
1381 1788 1529 1883 ped.
1569 1786 1716 1856 latoe
1752 1789 1823 1856 ΙΙ
1866 1801 1935 1854 et
1964 1811 2131 1880 sesq.
2173 1787 2321 1881 ped.
2360 1787 2509 1858 altae
2532 1792 2697 1858 -toti-

559 1897 717 1972 ,dem
754 1924 768 1966 :
801 1899 869 1966 in
904 1898 1008 1966 his
1032 1894 1142 1966 vel
1179 1897 1330 1988 equi
1369 1894 1827 1962 admittuntur.
1868 1894 2001 1962 Sid.
2034 1889 2345 1988 Apoll.-in
2372 1896 2695 1989 Panegyr.

810 2098 1425 2118 ................
1453 2063 1592 2115 Pars
1616 2055 1795 2114 lintre
1824 2069 2025 2114 cavata

799 2168 928 2218 Jam
962 2151 1184 2213 dociles
1215 2155 1456 2230 exponit
1481 2173 1669 2232 equos
1683 2195 2015 2211 .........

565 2321 756 2413 Aptae
803 2318 1220 2412 potissimum
1257 2315 1519 2384 vadosis
1568 2315 1729 2384 locis
1748 2369 1768 2402 ,
1800 2317 1957 2409 quia
1995 2341 2131 2385 non
2168 2315 2317 2410 plus
2355 2341 2496 2386 'uno
2532 2317 2703 2412 pede

563 2427 634 2492 in
671 2447 842 2517 aqua
885 2425 1391 2517 immerguntur.
1436 2425 1520 2490 In
1564 2424 1921 2491 Germania
1963 2421 2307 2517 praedones
2340 2423 2701 2493 utebantur

565 2530 817 2623 cymbis
860 2531 1032 2616 istis,
1051 2549 1216 2622 ·quae
1239 2530 1523 2624 triginta
1566 2528 1870 2596 homines
1904 2528 2245 2597 veherent.
2290 2529 2453 2598 Plin.
2493 2532 2701 2617 XVI,

565 2641 609 2721 4
629 2661 650 2704 1
672 2688 687 2704 .
713 2639 884 2705 Item
923 2631 1138 2720 Galli,
1159 2649 1324 2704 teste
1347 2637 1539 2704 Livio
1560 2637 1731 2703 XXI
1748 2687 1767 2720 ,
1807 2632 1904 2704 26
1925 2688 1946 2723 ,
1969 2648 2036 2702 et
2060 2637 2349 2730 Hispani
2367 2689 2387 2723 ,
2424 2661 2697 2730 praeser÷

562 2744 680 2810 tim
731 2742 1236 2826 Cordubenses,
1279 2756 1357 2809 ut
1396 2755 1631 2810 monet
1675 2741 1915 2810 Strabo
1932 2794 1952 2828 ,
1999 2741 2040 2809 l.
2080 2743 2171 2809 II.
2224 2741 2425 2830 Quod
2474 2757 2695 2810 autem

565 2837 805 2918 dicitnr
845 2849 928 2918 de
961 2846 1254 2916 Romulo
1298 2862 1368 2916 et
1409 2851 1624 2917 Remo
1660 2849 1973 2942 expositis
2006 2848 2074 2914 in
2119 2849 2313 2918 alveo
2352 2873 2552 2942 super
2586 2849 2694 2916 Ti·

567 2954 709 3022 beri
746 2955 1017 3024 flumine
1037 3007 1057 3040 ,
1093 2956 1356 3022 nonnisi
1399 2954 1483 3021 de
1530 2952 1724 3022 simili
1765 2954 2003 3046 cymba
2030 2968 2253 3046 potest
2277 2953 2570 3048 intelligi.

676 3048 876 3134 Prisci
923 3060 1254 3143 homines,
1290 3073 1369 3128 ut
1421 3059 1736 3144 diximus,
1782 3055 2185 3154 navigabant
2223 3061 2490 3129 ratibus.
2529 3060 2697 3138 Inde

569 3181 863 3260 coeptum
899 3171 1000 3234 es't
1034 3179 1206 3234 rates
1227 3164 1370 3235 illas
1403 3165 1697 3234 cratibus
1722 3166 1969 3233 vimine
1988 3167 2494 3260 textis-cingere.
2520 3165 2697 3235 Talis

569 3271 820 3366 Ulyssis
846 3274 1032 3340 navis
1055 3287 1214 3340 erat.
1236 3275 1571 3342 Homerus
1588 3326 1608 3360 ,
1632 3269 1869 3366 Odyss.
1904 3270 1943 3339 l.
1974 3273 2057 3341 V.
2079 3275 2405 3356 Britanni,
2424 3260 2698 3341 auctore

569 3393 798 3448 nostro
832 3365 1090 3480 Gaesare
1113 3431 1133 3465 ,
1157 3382 1239 3473 JB.
1279 3381 1358 3448 C.
1386 3377 1426 3446 l.
1467 3381 1532 3467 Ι,
1562 3403 1619 3447 c.
1652 3375 1747 3463 54
1782 3369 1865 3465 (t.
1893 3379 1993 3463 ΙΙ,
2024 3404 2086 3471 p.
2122 3369 2279 3467 81),
2308 3377 2698 3472 ‘hujusmodi

569 3509 770 3552 naves
813 3484 1228 3555 adornabant
1262 3511 1276 3552 :
1326 3489 1602 3556 Cat-iace
1634 3490 1937 3579 primum
1960 3536 1983 3569 ,
2036 3485 2250 3578 inquit
2274 3539 2294 3572 ,
2338 3509 2429 3554 ac
2468 3501 2692 3553 statu·

569 3597 760 3660 mina
804 3583 898 3659 ex
943 3592 1074 3659 levi
1101 3590 1637 3679 mater-tastum,
1684 3593 2013 3684 reliquum
2054 3615 2303 3686 corpus
2333 3590 2701 3660 viminibm

568 3713 960 3766 contextum
1001 3703 1204 3767 coritis
1246 3701 1585 3790 integitur.
1643 3699 1901 3764 Omitto
1953 3699 2136 3766 varia
2180 3712 2249 3765 et
2283 3697 2543 3766 diversa
2569 3722 2697 3764 ra-

569 3805 734 3885 tium
770 3803 1242 3896 cymbarumve
1295 3827 1535 3897 genera
1552 3856 1573 3891 ‚
1616 3801 1819 3870 veluti
1874 3795 2213 3896 διρμάτινα
2250 3811 2471 3890 πλοῖα,
2516 3828 2697 3898 cym—

569 3909 928 3978 bas-sutiles
943 3963 963 3996 ,
981 3908 1314 4004 pelliceas,
1349 3909 1713 3996 coriaceaS,
1743 3931 1862 3976 seu
1885 3911 2068 3977 corio
2082 3925 2156 3977 et
2178 3909 2457 4004 pellibus
2480 3923 2700 3978 essent

573 4014 920 4102 confectas,
975 4041 1092 4084 seu
1147 4015 1611 4084 tantummodo
1668 4029 1894 4100 tectoe3
1949 4017 2184 4084 omitto
2242 4018 2442 4084 etiam
2494 4039 2700 4084 naves

571 4119 802 4190 fictiles
844 4144 925 4189 ex
960 4135 1138 4190 terra
1173 4121 1392 4192 coctili
1411 4121 1751 4191 conflatas
1788 4113 1939 4211 (res
1958 4143 2159 4216 -paene
2196 4123 2699 4192 incredibilis2et
