3017 5042
702 422 842 493 128

688 569 777 589 m

1166 396 1624 495 NOTITIA
1677 426 2338 497 LITTERARIA

970 568 1343 590 mmmm
1350 568 1633 587 §mmm
1641 570 1718 587 ⁸⁸⁸
1731 570 2808 613 ”Ummmmmssmmmmn

984 726 1574 818 NOTITIA
1673 678 2551 885 LIT‘TERA-RIAf

1699 952 1808 1005 DE

780 1152 933 1321 C,
1035 1154 1638 1291 ωηο
1761 1155 2714 1327 CAESARE,

887 1476 979 1521 Ex
1036 1478 1137 1523 JO.
1200 1478 1352 1523 ΑΕΒ.
1412 1480 1724 1526 FABRICII
1777 1481 2246 1530 BIBLIOTHECA
2303 1484 2602 1551 LATINA,

1053 1584 1154 1630 JO.
1214 1584 1381 1632 AUG.
1442 1586 1739 1633 ERNESTI
1795 1587 1980 1634 EDIT.
2038 1590 2101 1635 Τ.
2161 1591 2215 1652 1,
2264 1592 2326 1637 C.
2385 1594 2454 1637 X.

1318 1992 1386 2061 C.
1432 1960 1603 2059 Jalzz·
1643 1996 1942 2064 Caesarzls·
1981 2013 2180 2066 oetas.

681 2128 803 2249 C.
838 2177 876 2242 J
893 2198 940 2243 U
958 2198 1000 2241 L
1015 2197 1041 2242 1
1058 2194 1106 2241 U
1121 2196 1155 2243 s
1200 2176 1255 2241 C
1271 2198 1330 2243 Ε
1347 2198 1382 2242 s
1396 2198 1442 2241 A
1460 2198 1505 2243 R
1523 2173 1542 2198 ¹
1591 2176 1877 2247 dictator
1896 2232 1917 2267 ,
1960 2179 2335 2276 eloquentia
2384 2186 2804 2285 doctrinaque

676 2305 810 2349 non
846 2280 1100 2365 mium,
1126 2302 1329 2372 quam
1362 2280 1729 2350 incredibili
1759 2285 2004 2380 ingenii
2038 2291 2370 2384 animique
2397 2295 2465 2361 vi
2483 2294 2528 2382 ²,
2565 2322 2802 2366 rerum-

765 2498 813 2531 1.
842 2478 991 2529 Alius
1016 2478 1078 2531 C.
1100 2478 1277 2531 Julius
1290 2479 1464 2531 Coesar
1486 2478 1706 2546 Strabo,
1789 2486 1878 2555 jus
1905 2488 2146 2541 meminit
2173 2486 2508 2561 Capitolinus
2531 2532 2547 2557 ,
2573 2494 2807 2549 adversus

678 2558 830 2612 Lucii
862 2558 921 2609 F.
952 2569 1133 2609 orator
1157 2558 1494 2611 suavissimus
1514 2597 1530 2622 ,
1556 2562 1708 2631 cujus

676 2657 843 2709 genus
860 2637 1175 2707 eloquentiae
1199 2650 1407 2690 secutus
1431 2652 1508 2691 est
1533 2640 1709 2692 Caesar

680 2718 910 2771 dictator
919 2756 935 2782 ,
947 2736 1115 2787 quum
1130 2716 1307 2770 adhuc
1322 2716 1624 2771 adolescens
1633 2738 1710 2773 es·

680 2811 773 2851 set.
794 2796 934 2851 Vide
962 2797 1215 2851 Pitiscum
1236 2796 1304 2851 ad
1335 2797 1577 2851 Suetonii
1603 2800 1706 2852 Ca·

678 2878 769 2949 lig.
798 2896 846 2930 c.
876 2878 974 2929 ult.
1005 2877 1225 2929 Caesaris
1248 2876 1523 2931 dictatoris
1543 2880 1706 2931 vitam

673 2957 970 3011 eveterihus
985 2956 1205 3008 tradunt
1224 2956 1560 3023 Plutarchus,
1574 2958 1700 3024 Dio,

679 3036 965 3090 Suetonius
985 3075 999 3102 ,
1020 3047 1073 3087 et
1087 3074 1103 3099 ‚
1124 3034 1192 3088 de
1210 3026 1317 3107 (juo
1333 3038 1473 3089 infra
1496 3036 1670 3091 dicam
1686 3077 1702 3105 ,

676 3117 853 3169 Julius
887 3116 1087 3169 Celsus.
1120 3116 1303 3187 Longe
1330 3116 1509 3187 plures
1537 3118 1706 3170 inter-

677 3194 941 3249 ciderunt.
986 3193 1236 3249 Sidonius
1277 3197 1600 3267 Apollinaris
1637 3196 1705 3250 ad

682 3272 1118 3345 Burgundionem
1144 3266 1269 3347 (qni
1292 3274 1505 3329 laudem
1533 3278 1704 3330 Coesa-

682 3356 755 3408 ris
772 3354 905 3407 Julii
927 3353 1243 3425 scripserat)
1270 3356 1310 3407 1.
1333 3357 1414 3407 IX
1431 3395 1447 3420 ,
1475 3375 1560 3427 ep.
1593 3364 1660 3420 14
1687 3376 1702 3410 t

680 3436 813 3490 Nam
836 3437 880 3485 si
903 3439 1188 3486 omittantur
1209 3456 1317 3507 qaoe
1338 3436 1398 3486 de
1430 3438 1580 3487 titulis
1603 3438 1704 3489 Di-

680 3518 879 3567 ctatort‘s
906 3518 1071 3567 invicti
1096 3518 1276 3585 scripta
1306 3516 1562 3567 Pata'vimls
1591 3529 1707 3567 sunt

684 3594 1001 3647 voluminibus
1034 3591 1123 3655 (in
1154 3596 1219 3647 T.
1254 3595 1395 3646 Livii
1423 3594 1574 3647 libris
1603 3594 1702 3647 Hi-

682 3676 963 3729 storiarum
1015 3670 1349 3744 deperditis)
1402 3678 1507 3743 quae's
1559 3694 1704 3745 opera

679 3756 923 3817 Suetonii,
960 3757 1066 3827 quis
1094 3754 1296 3805 Juvenca'
1322 3754 1572 3805 Martialis
1603 3756 1702 3807 Hi-

680 3838 904 3890 storiam,
943 3838 1136 3905 quisque
1165 3832 1237 3883 ad
1265 3844 1524 3884 extremum
1552 3835 1706 3887 Balbi

684 3914 1045 3984 Ephemem'dem
1088 3912 1250 3979 fando
1306 3912 1631 3983 adoeqaaven’t
1673 3923 1703 3966 Ρ

680 3994 841 4046 Hunc
866 3993 1091 4044 Balbum
1120 3989 1265 4044 haud
1288 3989 1561 4045 diversum
1591 4012 1702 4047 esse

678 4092 710 4125 a
740 4073 906 4125 Balbo
937 4071 1189 4125 Cornelio
1219 4071 1549 4141 Theophane
1565 4111 1582 4139 ‚
1607 4092 1700 4125 cu·

1797 2564 1972 2617 Vossii
1993 2567 2049 2619 in
2059 2567 2195 2621 Hist.
2211 2571 2328 2623 Lat.
2348 2575 2664 2627 sententiam
2678 2590 2805 2629 recte

1795 2644 2134 2699 observatum
2163 2662 2241 2701 est
2269 2650 2432 2703 Baelio
2470 2654 2528 2705 in
2565 2654 2690 2708 Lex.
2721 2658 2804 2709 ubi

1793 2721 1862 2775 de
1877 2724 2096 2779 Caesare.
2121 2728 2330 2781 Primus
2351 2732 2620 2786 Casurum
2646 2754 2673 2787 a
2686 2756 2804 2789 caeso

1793 2805 1976 2855 matris
2008 2820 2160 2859 utero
2183 2807 2356 2863 dictus
2370 2850 2386 2875 ,
2405 2827 2623 2867 auctore
2641 2816 2805 2869 Plinio

1795 2883 1936 2949 VII,
1965 2903 1996 2953 9
2020 2906 2035 2950 ;
2061 2887 2147 2939 vel
2174 2907 2204 2940 a
2228 2908 2360 2943 caeso
2385 2892 2703 2964 elephanto,
2723 2896 2802 2967 qui

1791 2960 1968 3033 lingua
1991 2965 2306 3021 Maurorum
2327 2970 2530 3036 Caessr3
2553 2973 2800 3045 Spar-ticin.

1769 3042 1848 3093 ·in
1877 3044 2024 3098 Vero
2049 3049 2096 3099 ό.
2131 3066 2182 3101 2.
2209 3050 2381 3102 Coesar
2407 3052 2568 3105 etiam
2599 3054 2802 3108 denotat

1762 3122 1874 3173 -τὸν
1902 3133 2200 3195 κουριῶντα,
2236 3134 2569 3196 cce-cariatum,
2601 3136 2695 3206 qui
2718 3154 2800 3189 οε·

1790 3202 1978 3255 seriem
2017 3205 2202 3271 habet,
2235 3220 2290 3260 at
2318 3222 2468 3263 notat
2496 3214 2710 3268 Salmas.
2740 3214 2800 3267 de

1793 3280 1960 3335 Coma
1985 3304 2042 3355 p.
2079 3286 2210 3358 3²9.
2235 3288 2444 3342 Deinde
2465 3293 2523 3345 in
2537 3295 2570 3345 J
2573 3295 2670 3345 ulii
2697 3296 2798 3349 Cae-

1789 3362 1918 3413 saris
1955 3364 2216 3419 honorem
2257 3370 2486 3424 Caesares
2521 3371 2651 3426 dieti
2667 3414 2684 3441 ,
2715 3376 2796 3446 qui

1788 3459 2054 3495 summum
2071 3446 2355 3517 imperium
2369 3468 2646 3521 gererent:
2664 3468 2798 3525 post,

1789 3521 1880 3591 qui
1895 3523 2108 3595 collegoe
2121 3526 2334 3598 imperii
2347 3546 2521 3585 essent
2538 3535 2795 3605 assumpti,

1789 3612 1849 3651 ut
1877 3601 2094 3657 Caesaris
2110 3625 2304 3659 nomen
2327 3610 2624 3665 secundum
2646 3615 2798 3684 impe·

1785 3680 1854 3731 rii
1882 3681 2104 3749 gradum
2143 3686 2490 3756 significaret,
2521 3705 2580 3745 ut
2611 3712 2794 3746 nomen

1789 3760 2010 3830 Augusti
2024 3764 2425 3834 primum.Vide
2435 3771 2632 3831 Ezech.
2649 3774 2797 3845 Span-

1787 3839 2024 3893 hemium
2043 3841 2111 3895 de
2129 3864 2228 3897 usu
2248 3850 2634 3904 numismatum
2650 3895 2664 3921 ,
2683 3853 2794 3906 diss.

1789 3918 1928 3983 XII,
1951 3933 1992 3974 t.
2011 3923 2091 3987 11,
2110 3924 2237 3979 edit.
2264 3946 2417 3979 novae
2439 3949 2494 4000 p.
2528 3932 2658 3995 354.
2748 3987 2752 3991 .

1873 4018 1900 4050 2
1913 4040 1925 4051 .
1945 4001 2144 4055 Confer
2158 4006 2390 4059 Plinium
2404 4008 2548 4063 libro
2567 4014 2675 4066 vn
2689 4051 2705 4079 ,
2729 4032 2800 4065 ca-

1785 4076 1898 4146 pite
1925 4080 2012 4133 25.
2043 4082 2179 4137 Hist.
2207 4086 2447 4142 Natural.
