3017 5042
624 490 816 584 ·374
1561 483 1914 551 INDEX*

661 622 819 711 latit.
858 619 931 704 4⁰
962 632 1039 706 et·
1069 614 1139 687 5⁰
1176 615 1401 710 longit.
1435 619 1772 710 Usipetes,
1806 611 1912 680 vel
1949 615 2178 706 Uscpii.
2221 614 2473 684 Huicce
2511 613 2770 708 populo
2785 663 2809 701 ‚-

660 723 1301 819 sicutiTenchtheris
1324 735 1391 790 et
1408 718 1556 790 aliis
1575 719 1878 814 gentibus
1899 720 2323 812 germaniciS,
2347 733 2661 813 tempore
2677 724 2714 788 J
2719 720 2801 788 ul.

660 832 939 926 Caesaris
954 829 1375 914 florentibuS‚
1398 840 1616 906 certos
1643 824 1808 897 fines
1828 823 2172 918 adsignare
2187 823 2664 895 difficillimum
2688 841 2804 910 est,

660 963 868 1031 quum
898 935 1083 1004 sedes
1110 947 1435 1030 perpetuo
1463 931 1866 1008 mutaverint
1893 953 2077 1013 suam,
2105 945 2175 1000 et
2197 930 2592 1002 Nomadum
2617 957 2806 1001 more

640 1045 885 1132 ”yivere
914 1041 1087 1112 soliti
1114 1054 1349 1110 essent.
1378 1039 1489 1111 Sic
1520 1037 1602 1106 de
1624 1037 1700 1114 iis
1721 1039 2020 1125 Tacitus,
2047 1035 2156 1107 lib.
2187 1035 2272 1109 de
2299 1037 2618 1107 Moribus
2639 1041 2802 1108 Ger—

660 1173 1012 1236 manorum
1052 1173 1066 1216 τ
1111 1143 1438 1218 Proxime
1474 1147 1695 1222 Cattis
1736 1157 1990 1220 certum
2010 1143 2172 1235 jam
2207 1144 2402 1212 alveo
2438 1144 2758 1214 Rhemcm
2775 1196 2798 1230 ,

656 1262 907 1350 quique
926 1259 1247 1337 terminus
1262 1275 1411 1322 esse
1422 1249 1757 1348 szfficmt,
1785 1253 2008 1345 Uslpc'i
2019 1273 2109 1318 ac
2131 1252 2196 1322 T
2184 1249 2535 1320 enchtheri
2548 1252 2800 1320 colunt.

658 1360 858 1430 Unde
907 1374 1169 1434 constat
1206 1383 1319 1440 eos
1343 1411 1363 1445 ‚
1411 1371 1605 1431 aetate
1643 1357 1854 1432 Taciti
1869 1385 1897 1443 ·‚
1941 1380 2144 1451 supra
2183 1354 2501 1428 Basileam
2549 1357 2803 1451 positos

660 1466 862 1536 fuisse
884 1517 903 1554 ,
933 1463 1139 1560 quum
1162 1517 1181 1551 ‚
1210 1467 1513 1561 Augusto
1554 1476 1874 1558 regnante
1914 1477 1984 1530 et
2011 1465 2051 1531 J
2053 1461 2139 1533 ul.
2177 1463 2438 1534 Caesa're
2479 1461 2802 1532 adversus

661 1596 775 1642 eos
806 1563 1055 1650 bellum
1088 1583 1358 1666 gerente
1378 1624 1397 1657 ‚
1436 1568 1632 1663 longe
1667 1567 2044 1641 inferiorem
2075 1569 2412 1662 regionem
2434 1623 2454 1656 ‚
2489 1567 2704 1640 scilic.
2731 1572 2801 1637 ri-

659 1701 816 1771 pam
854 1677 1141 1766 fluminis
1165 1681 1269 1746 W
1254 1701 1440 1761 eser,
1483 1699 1622 1744 non
1655 1673 1850 1769 longe
1883 1697 1926 1746 a
1966 1675 2134 1748 mari
2149 1727 2168 1760 ‚
2203 1699 2338 1768 quo
2365 1674 2660 1748 Rhenus
2700 1677 2798 1744 in-

660 1782 811 1872 fluit
818 1837 835 1871 ‚
864 1782 1209 1870 incoluisse
1241 1782 1606 1858 videantur.
1631 1782 1852 1850 Variis
1879 1779 2092 1853 modis
2117 1780 2262 1858 haec
2289 1782 2566 1852 nomina
2593 1807 2799 1876 popu-

660 1888 877 1963 lorum
923 1889 1236 1984 leguntur
1270 1887 1451 1984 apud
1489 1889 1882 1981 scriptoreS,
1907 1885 2024 1960 sed
2055 1900 2369 1980 corrupte
2408 1885 2793 1958 admodum.

661 1994 995 2064 Plutarch.
1032 1997 1103 2062 in
1140 1998 1197 2064 J.
1240 1997 1482 2069 Caesar.
1513 2019 1528 2060 :
1570 1985 1682 2062 δύο
1725 1995 2104 2085 Γερμανικῶν
2153 1993 2432 2086 μεγάλων
2453 2043 2474 2072 ‚
2518 1991 2628 2072 οὓς
2667 1975 2795 2071 Ῐνας

662 2096 860 2195 (lege
900 2091 1300 2187 Οὐσίπετᾳς)
1340 2105 1592 2178 καλοῦσι
1629 2101 1770 2176 τοὺς
1807 2101 2042 2190 ἑτέρους
2063 2150 2082 2181 ,
2107 2099 2266 2176 ,τοὺς
2294 2090 2366 2166 δὲ
2401 2092 2793 2193 Τεντερίδας.

662 2209 783 2280 Hae
808 2221 1029 2294 antem
1060 2221 1321 2299 gentes,
1349 2206 1653 2298 Augusto
1680 2218 2030 2298 regnante,
2061 2204 2304 2276 Rheno
2331 2205 2620 2297 trajecto
2644 2208 2796 2275 Ger·

658 2313 949 2388 maniam
992 2312 1084 2380 cis
1103 2349 1135 2362 -
1159 2311 1524 2385 rhenanam
1563 2325 1633 2378 et
1680 2308 1964 2388 Galliam
2001 2308 2422 2404 depopulati,
2466 2310 2758 2382 Lollium
2775 2365 2792 2396 ‚

658 2417 949 2511 legatum
990 2417 1305 2511 Augusti,
1347 2415 1778 2500 devicerunt3
1820 2415 1934 2484 sed
1973 2441 2180 2510 quum
2214 2417 2640 2512 accepissent
2675 2421 2794 2486 Αιιὁ

660 2537 927 2620 gustum
948 2575 967 2609 ,
1008 2521 1171 2591 urbe
1208 2521 1435 2591 relicta
1452 2575 1471 2609 ‚
1502 2521 1816 2591 adversus
1859 2547 1973 2592 eos
2005 2521 2377 2617 proficisci,
2413 2522 2591 2623 datis
2623 2524 2789 2592 obsi·

660 2629 855 2697 dibus
875 2682 895 2710 ‚
931 2652 1162 2722 pacem
1204 2627 1524 2696 fecerunt.
2379 2660 2385 2669 ·
2888 2713 2900 2724 ·

769 2736 1003 2828 U‘rch
1040 2725 1165 2820 (B.
1205 2732 1428 2820 alib.
1468 2759 1534 2825 1,
1578 2757 1721 2828 cap.
1771 2731 2038 2821 31311‚
2075 2731 2214 2820 23,
2253 2729 2388 2820 25,
2431 2731 2557 2830 37,
2595 2728 2785 2823 etc).

665 2836 792 2935 37⁰
827 2840 937 2908 lat.
972 2837 1102 2933 7⁰}
1136 2838 1311 2933 long.
1338 2839 1520 2908 Urbs
1548 2837 1824 2916 celebris
1851 2837 2091 2914 Africae
2119 2840 2404 2934 propriae
2426 2865 2786 2934 proconsu-

659 2946 846 3034 laris,
888 2969 1005 3012 seu
1048 2947 1403 3038 Byzacenae
1422 2999 1441 3032 ,
1483 2971 1522 3012 a
1561 2947 1814 3022 Graecis
1855 2930 2044 3020 Ῐτόκη
2087 2945 2302 3032 dicta,
2337 2947 2786 3040 magnitudine

662 3068 729 3121 et
756 3051 1073 3144 dignitate
1102 3049 1391 3126 secunda
1418 3065 1570 3144 post
1603 3051 2118 3146 Carthaginem3
2149 3065 2350 3146 atque
2385 3051 2516 3122 hac
2545 3055 2785 3138 excisa,

660 3170 863 3250 caput
887 3157 1171 3249 regionis
1196 3171 1264 3224 et
1289 3157 1781 3250 receptaculum
1810 3149 2268 3230 Romanorum
2292 3155 2378 3226 ad
2403 3182 2510 3227 res
2535 3162 2604 3228 in
2623 3159 2785 3228 Afri-

660 3287 737 3333 ca
774 3260 1113 3355 gerendas.
1146 3265 1241 3334 In
1259 3262 1494 3338 eodem
1535 3264 1683 3332 sinu
1722 3265 1846 3338 sita
1877 3277 1978 3338 est
2005 3263 2205 3338 Utica
2233 3287 2366 3356 quo
2401 3265 2780 3360 Carthag03

658 3368 742 3443 ad
762 3367 1043 3436 alterum
1062 3393 1143 3434 ex
1161 3370 1634 3463 promontoriis
1657 3392 1803 3462 quae
1823 3371 2040 3444 sinum
2059 3367 2339 3440 faciunt:
2365 3369 2610 3440 horum
2623 3369 2782 3440 illud

657 3473 839 3568 quod
864 3475 1053 3566 juxta
1090 3475 1358 3542 Uticam
1394 3489 1528 3560 est,
1559 3473 1981 3568 Apollonium
2011 3489 2324 3562 vocatur,
2355 3473 2632 3546 alterum
2667 3501 2778 3544 ve-

654 3607 732 3650 ro
756 3584 1059 3648 Hermea.
1091 3581 1310 3648 Urbes
1336 3581 1493 3673 ipsae
1521 3581 1611 3648 ita
1639 3595 1792 3658 sunt
1817 3582 1984 3667 sitm,
2011 3594 2091 3649 ut
2117 3604 2318 3654 unam
2346 3583 2556 3676 possis
2585 3607 2660 3650 ex
2687 3581 2776 3649 al·

655 3702 797 3756 tera
834 3710 1107 3755 cernere
1139 3711 1154 3752 :
1195 3687 1393 3755 Utica
1437 3685 1732 3759 similiter
1753 3709 1792 3756 a
1827 3688 2042 3780 Tyriis
2078 3685 2346 3756 condita
2383 3689 2778 3781 Carthagine

650 3796 791 3886 ipsa
829 3793 1160 3886 antiquior
1197 3806 1317 3860 est.
1358 3790 1593 3879 Silius,
1631 3791 1741 3862 lib.
1783 3815 1904 3880 111,
1938 3797 2131 3878 πίῃς

890 3912 1079 3972 Prisca
1109 3913 1252 3984 situ,
1287 3913 1614 3990 veterisque
1641 3926 1775 3972 ante
1807 3931 1968 3973 arces
1995 3913 2228 3972 condita
2261 3917 2480 3989 Byrsae.

650 4021 923 4088 Portum
958 4021 1243 4089 habebat
1267 4027 1721 4116 opportunum
1751 4037 1817 4091 et
1842 4024 2215 4116 emporium
2241 4019 2523 4091 celebre.
2551 4023 2770 4110 Quum

652 4141 883 4196 contra
916 4129 1351 4220 Pompeianos
1396 4131 1726 4196 Gaesarem
1762 4129 2086 4222 juvissent
2122 4129 2506 4217 UticenseS,
2541 4126 2616 4195 ad
2657 4124 2768 4192 di-
