3017 5042
659 472 812 561 416
1371 473 2083 542 DISSERTATIO

657 606 912 676 inficias
951 630 1031 674 eo
1051 658 1071 693 ,
1101 604 1382 673 verbum
1410 609 1650 676 civitas
1671 603 1755 673 de
1776 604 2087 673 universa
2108 606 2325 699 gentis
2342 604 2587 675 ditione
2608 632 2799 677 usur-

658 715 822 808 pari.
855 714 1080 782 Caesar
1107 710 1286 781 enim
1321 708 1486 779 dixit
1525 735 1540 777 :
1582 710 1886 782 Nuntios
1921 726 2074 810 tota
2108 715 2385 781 civitate
2418 713 2802 783 AEduoncm

657 820 954 890 dimittit.
989 819 1256 887 Tacitus
1296 844 1311 885 :
1349 821 1669 888 Patescit
1717 823 1789 887 in
1824 821 2134 889 civitates
2178 820 2563 888 Germania
2601 846 2623 887 .·
2670 845 2805 889 non

659 951 830 1021 opus
873 939 1017 994 erat
1052 925 1259 1019 igitur
1300 925 1693 1007 testimoniis
1728 926 2125 995 Hotmanni
2154 938 2224 993 et
2268 924 2667 1011 d’Anv1·lle‚·
2708 951 2808 995 res

660 1032 746 1101 ad
781 1030 1105 1127 liquidum
1142 1028 1486 1126 euplorata
1516 1045 1616 1100 est
1652 1056 1667 1098 :
1708 1043 1969 1101 constat
2003 1045 2327 1125 praeterea
2368 1032 2658 1101 civitatis
2699 1056 2807 1127 ap-

659 1136 1014 1234 pellatione
1059 1151 1126 1205 et
1162 1151 1429 1231 gentem
1478 1136 1691 1232 ipsam
1727 1151 1794 1205 et
1843 1138 2099 1217 civium,
2132 1137 2285 1231 jura
2331 1136 2689 1233 designari,
2734 1142 2810 1207 In

658 1246 762 1316 his
791 1244 1100 1314 omnibus
1134 1268 1364 1313 sensus
1394 1266 1432 1310 a
1464 1244 1632 1312 serie
1666 1241 2030 1313 verborum
2058 1242 2335 1337 pendet;
2371 1242 2488 1313 sed
2522 1244 2810 1314 multum

660 1366 842 1421 errat
863 1349 964 1420 Cl.
993 1352 1307 1420 Dulaure
1322 1403 1347 1435 ‚
1386 1374 1596 1443 quum
1633 1348 1775 1442 ejus
1815 1348 2146 1418 diversam
2191 1350 2812 1445 interpretationem

661 1457 964 1528 locorum
1008 1447 1490 1551 regionumque
1520 1456 1764 1524 rationi
1794 1456 2115 1550 subjiciat.
2142 1452 2453 1525 Obtinuit
2481 1472 2678 1527 certe
2716 1482 2811 1526 ea-

571 1653 578 1664 ,
663 1564 815 1634 dem
837 1562 1254 1659 significatio
1295 1561 1378 1631 de
1417 1562 1794 1657 provincia,
1835 1568 1983 1657 quae
2024 1560 2107 1631 de
2143 1559 2397 1657 reliqua
2420 1560 2648 1633 Gallia
2673 1619 2697 1652 ,
2721 1564 2814 1633 vel

661 1671 746 1740 de
791 1668 927 1738 ulla
970 1670 1232 1739 romani
1277 1669 1539 1763 imperii
1575 1683 1796 1763 parte,
1839 1693 1963 1738 nee
2005 1668 2299 1763 unquam
2350 1667 2451 1738 Cl.
2496 1672 2819 1741 Ducam

663 1778 733 1845 in
762 1776 1252 1845 commentariis
1274 1773 1497 1844 locum
1517 1775 1710 1845 nobis
1729 1774 2066 1863 ostendet,
2090 1774 2208 1845 ubi
2235 1800 2361 1870 pro
2388 1775 2559 1844 urbe
2590 1780 2817 1849 Caesar

661 1906 898 1953 vocem
940 1886 1235 1952 civitam
1277 1883 1653 1976 sumpserit.
1697 1880 1916 1951 Affert
1957 1879 2181 1951 tamen
2228 1880 2533 1977 exempla
2571 1886 2818 1977 quibus

664 1988 894 2059 fulciat
918 1988 1095 2059 hanc
1121 1988 1739 2083 interpretationem
1763 2015 1783 2074 ;
1814 1987 2100 2082 agedum
2116 2042 2136 2076 ,
2165 2012 2243 2057 ea
2278 1988 2645 2058 confestim
2678 2017 2820 2061 con-

661 2096 972 2167 futemus
2696 2146 2707 2153 -

767 2202 1072 2297 lorsque
1100 2192 1538 2297 Ce'sarparle
1561 2200 1686 2271 des
1706 2202 1895 2272 liew
1914 2201 2379 2271 d'habitation
2394 2192 2614 2270 sitae-5
2644 2202 2823 2272 dans

660 2312 735 2379 la
763 2314 1006 2405 partie
1043 2298 1491 2379 meridionale
1538 2307 1626 2377 de
1672 2309 1746 2377 la
1805 2309 2031 2378 Gaule
2083 2308 2323 2404 depuis
2362 2309 2532 2403 long
2548 2348 2575 2359 -
2600 2326 2821 2407 temps

659 2406 1032 2511 subjugue'e
1045 2467 1068 2501 ,
1122 2429 1196 2482 et
1234 2439 1328 2510 qu
1336 2414 1448 2483 ’on
1485 2418 1827 2485 nommait
1864 2416 2056 2483 alors
2101 2415 2427 2484 Provinee
2473 2419 2821 2505 romaine,

661 2538 732 2592 et
769 2527 1031 2591 ensuite
1056 2519 1272 2589 Gaule
1309 2520 1785 2609 narbonnaise,
1818 2516 1911 2591 οἰι
1938 2545 2014 2590 se
2048 2526 2430 2592 trouvaient
2455 2520 2587 2589 des
2628 2526 2823 2594 villes

661 2630 963 2699 colonies
977 2682 997 2717 ,
1013 2627 1138 2697 des
1157 2628 1358 2697 villes
1383 2618 1795 2697 constituees
1827 2652 2088 2697 comme
2114 2629 2319 2697 celles
2345 2626 2685 2716 d'Italie,
2714 2632 2823 2705 des
2942 2670 2944 2713 4

658 2738 859 2807 villes
911 2734 1108 2825 chefis
1122 2736 1347 2803 -lieux
1395 2732 1484 2803 de
1519 2739 1882 2821 territoire,
1926 2735 2118 2803 alors
2164 2735 2224 2803 il
2260 2736 2358 2803 les
2403 2736 2720 2828 qwlff
2750 2738 2825 2807 de
2942 2800 2944 2817 ,

660 2844 962 2913 civitates
980 2894 1000 2930 ,
1049 2832 1217 2911 cite's
1252 2867 1274 2910 .·
1329 2841 1669 2911 Toulouse
1690 2896 1713 2929 ,
1758 2842 2235 2913 carcassonne
2279 2856 2353 2909 et
2384 2840 2819 2931 Narbonae,

662 2947 873 3036 dit-il,
907 2953 1030 3042 qui
1063 2963 1226 3016 sont
1258 2949 1361 3017 les
1390 2938 1560 3017 cite's
1597 2947 1685 3017 de
1722 2948 1797 3016 la
1814 2978 1821 2987 ·
1838 2949 2093 3035 Gaule,
2111 2951 2445 3043 province
2480 2957 2821 3020 romaine.
2941 2970 2944 2983 “

662 3053 938 3141 Tolosa,
964 3056 1373 3127 Carcassone
1409 3068 1477 3123 et
1502 3054 1853 3141 Narbone,
1882 3079 2029 3149 quae
2064 3067 2222 3122 sunt
2251 3054 2563 3123 civitates
2593 3056 2825 3127 Galliae

661 3268 785 3363 des
825 3269 1054 3353 villes,
1107 3266 1230 3335 des
1268 3266 1495 3359 σὴψ·
1516 3269 1705 3337 lieux
1747 3266 1835 3336 de
1873 3272 2119 3336 natz'on
2136 3320 2159 3354 ,
2203 3264 2292 3335 de
2325 3258 2462 3335 cite'
2480 3320 2503 3351 ,
2559 3292 2824 3339 comme

659 3366 977 3445 l’e'taient
997 3371 1199 3443 celles
1227 3372 1315 3442 de
1344 3375 1420 3442 la
1459 3374 1687 3453 Gaule
1722 3378 2033 3442 romaine
2053 3426 2075 3459 ,
2114 3363 2328 3443 Ce'sar
2354 3374 2455 3442 les
2482 3370 2616 3443 etit
2644 3401 2824 3471 qua-
2940 3410 2942 3449 ᾗ

661 3472 880 3570 lffi'ees
915 3480 1002 3548 de
1029 3472 1240 3548 me⁴me
1253 3506 1280 3566 ,·
1314 3481 1372 3549 il
1395 3485 1637 3548 atcrait
1659 3478 1767 3549 dit
1783 3480 2013 3549 civitas
2039 3479 2378 3567 Bibraeta,
2406 3479 2651 3549 civitas
2683 3486 2823 3551 Ge-
2940 3564 2942 3571 Ι

662 3587 912 3657 nahum
931 3639 948 3665 ‚
977 3586 1207 3655 civitas
1228 3576 1604 3682 Gengovia‚;
1634 3587 1689 3657 il
1708 3585 2116 3678 n’ajc‘zmais
2140 3576 2431 3680 qualfie'
2442 3610 2565 3655 ces
2565 3590 2826 3683 places

661 3695 750 3765 de
777 3694 1028 3763 civitas,

773 3804 933 3869 Haec
970 3798 1237 3893 quidem
1283 3796 1386 3867 Cl.
1429 3800 1745 3867 Dulauoe
1758 3827 1785 3885 ,·
1830 3824 1953 3867 nec
2000 3795 2295 3893 reputat,
2342 3800 2823 3883 Hotmannum

2940 3036 2944 3069 ι“

2939 3080 2942 3111 1

545 3196 550 3203 -
659 3162 1036 3257 provinciae.
1066 3163 1147 3230 Si
1163 3162 1261 3229 les
1275 3162 1531 3256 places
1548 3160 1637 3230 de
1663 3162 1739 3229 la
1771 3161 1997 3230 Gaule
2017 3165 2384 3229 insoumise
2402 3180 2705 3231 eussent
2727 3156 2827 3233 e'te'
2940 3218 2942 3251 :

663 3932 864 4002 quem
911 3904 1112 4000 paulo
1162 3929 1360 3997 supra
1411 3903 1837 3992 laudaverat,
1888 3904 2242 3973 adfirmare
2296 3905 2365 3972 in
2413 3906 2564 4000 ipso
2614 3908 2825 3975 citato
2938 3926 2940 3975 ζ

660 4013 810 4083 loeo
830 4066 850 4099 ,
881 4036 1020 4083 rem
1059 4012 1331 4079 omnino
1369 4009 1699 4081 diversam
1739 4037 1753 4079 :
1805 4010 2099 4081 declarat
2133 4011 2309 4081 enim
2329 4064 2350 4098 ,
2387 4012 2460 4079 in
2499 4014 2825 4081 universo
2938 4006 2940 4037 ²

661 4120 939 4191 Caesaris
974 4142 1176 4212 opere
1212 4141 1296 4185 ne
1319 4116 1521 4187 semel
1548 4117 1814 4212 quidem
1844 4120 2175 4195 civitatem
2199 4119 2438 4211 reponi
2475 4144 2608 4213 pro
2630 4120 2823 4188 urbe.
