3017 5042
688 441 837 528 382.
1461 427 1465 442 ’
1585 399 1928 512 INDEX

686 574 1047 669 pertinacia
1090 573 1578 698 oppidanorum
1611 575 1854 642 certior
1890 574 2106 643 factus
2119 627 2140 660 ,
2185 589 2434 644 contra
2471 547 2822 672 exspecta-

686 686 929 749 tionem
956 685 1255 748 omnium
1288 679 1786 748 Uxellodunum
1810 685 2002 750 venit
2017 671 2116 768 (c.
2155 677 2252 774 39
2265 735 2284 768 ,
2316 673 2474 769 40).
2509 685 2820 776 Sequitur

685 786 1038 880 descriptio
1066 786 1250 854 urbis
1286 783 1723 872 Uxelloduni‚
1764 800 1832 854 et
1865 787 2229 881 praesertim
2267 787 2466 857 fontis
2491 841 2512 875 ,
2557 789 2817 882 qualem

683 891 1059 960 effinximus
1098 893 1288 961 initio
1323 906 1565 960 nostrae
1601 891 2106 980 dissertationis,
2147 917 2214 986 p.
2260 890 2410 988 376
2437 885 2629 988 (cap.
2666 899 2762 981 4ο
2775 889 2814 984 ).

686 1001 896 1069 Fonte
938 1022 1139 1092 supra
1182 997 1360 1067 dicto
1406 1000 1632 1067 Caesar
1663 997 2006 1091 prohiberi
2048 997 2416 1092 oppidanos
2450 1025 2590 1067 non
2627 1025 2816 1094 posse

685 1106 825 1174 sine
856 1129 1100 1200 magno
1125 1102 1419 1199 periculo
1456 1128 1663 1196 quum
1693 1103 1977 1190 videret,
2015 1129 2054 1172 e
2085 1109 2358 1198 regione
2397 1105 2543 1195 ejus
2573 1112 2816 1176 vehem

682 1227 756 1278 et
804 1234 1090 1305 aggeres
1142 1233 1349 1303 age-re
1399 1215 1628 1304 coepit.
1693 1209 1949 1278 Eodem
1995 1212 2197 1304 igitur
2253 1225 2556 1304 tempore
2605 1229 2815 1282 tectos

684 1319 1031 1386 cuniculos
1068 1320 1218 1410 agit
1251 1315 1357 1384 ad
1384 1315 1892 1410 caputjbnt1253
1931 1331 2003 1385 et
2029 1321 2402 1386 exstruatur
2439 1341 2669 1412 agger
2697 1345 2813 1415 pe·

683 1423 843 1492 dum
870 1425 974 1492 IX
1002 1415 1177 1512 (non
1206 1424 1357 1508 Lx,
1383 1436 1458 1490 ut
1489 1419 1694 1516 vulgo
1709 1421 1978 1547 iegitur.
1999 1421 2152 1490 Vid.
2183 1437 2426 1492 nostrae
2461 1423 2614 1494 edit.
2651 1429 2728 1495 T.
2755 1430 2812 1514 Ι,

683 1555 748 1622 p.
785 1526 883 1614 45
892 1532 937 1614 4
955 1582 976 1617 ,
1015 1555 1078 1596 ιι.
1114 1521 1221 1623 9),
1262 1529 1644 1597 collocatur
1689 1532 1762 1596 in
1811 1553 1891 1596 eo
1933 1533 2137 1597 curnis
2179 1528 2408 1598 decem
2457 1529 2808 1602 tabulato-

677 1659 870 1720 mm,
927 1659 1067 1704 non
1106 1633 1375 1728 quidem
1414 1657 1576 1728 quoe
1617 1627 1952 1702 moem'b'us
1991 1650 2431 1728 aequaretur,
2494 1636 2626 1705 sed
2661 1663 2810 1732 quoe

676 1756 1035 1836 superaret
1037 1740 1282 1830 finces
1294 1741 1678 1834 fastigium
1709 1732 1890 1834 (cap.
1923 1744 1971 1826 4
1985 1735 2080 1828 1)
2115 1743 2424 1834 Sequitur
2452 1741 2807 1840 descriptio

680 1847 1059 1942 praeliorum
1088 1847 1279 1939 juxta
1310 1847 1601 1933 fontem,
1643 1871 1852 1940 quum
1881 1846 2197 1940 oppidani
2233 1849 2470 1916 turrim
2515 1865 2582 1918 et
2625 1875 2806 1945 agge·

679 1978 821 2022 rem
874 1953 1249 2041 destruere,
1299 1955 1524 2022 Caesar
1569 1966 1792 2020 autem
1844 1950 2186 2022 cuniculos
2237 1978 2432 2047 agere
2476 1954 2562 2023 ad
2609 1971 2802 2051 caput

680 2058 881 2129 fontis
918 2059 1040 2128 sub
1076 2074 1251 2128 terra
1288 2073 1623 2127 tentarent
1657 2052 1829 2152 (cap.
1864 2053 2010 2148 42).
2039 2059 2172 2128 Ad
2182 2075 2606 2154 postremum
2637 2069 2802 2130 σαπί-

677 2168 849 2234 culis
872 2165 1312 2254 venaefhntis
1338 2169 1678 2232 mterczkoe
1703 2178 1868 2231 sunt
1883 2180 2096 2260 atque
2121 2187 2402 2234 aoersoe.
2429 2169 2799 2260 Quofacto

675 2287 949 2367 repente
970 2275 1293 2364 perennis
1320 2269 1793 2361 exaruitsons
1807 2322 1820 2336 .
1834 2321 1850 2339 .
1867 2322 1882 2337 .
1899 2323 1913 2337 .
1948 2273 2202 2364 Itaque
2218 2273 2560 2367 oppidani
2577 2299 2798 2344 neces-

674 2381 883 2446 sitate
916 2381 1148 2444 coacti
1175 2401 1251 2444 se
1283 2375 1728 2444 tradederutzt.
1773 2367 1955 2471 (cap.
1998 2371 2153 2466 43).

782 2484 1116 2576 Expositis
1154 2482 1469 2551 adversus
1504 2480 1996 2551 Uxellodunum
2038 2484 2404 2554 caesarianae
2445 2487 2792 2581 expeditio·

678 2590 777 2658 nis
814 2589 1049 2658 ordine
1080 2613 1159 2658 ac
1192 2589 1383 2673 serie,
1420 2587 1614 2656 simul
1655 2602 1723 2656 et
1765 2589 2044 2682 cognitis
2083 2589 2266 2658 urbis
2305 2593 2594 2686 antiquae
2633 2608 2788 2662 statu

674 2710 743 2764 et
789 2695 1169 2766 defensione
1185 2748 1204 2781 ‚
1245 2708 1449 2763 restat
1490 2708 1568 2763 ut
1610 2695 1782 2763 inter
1827 2694 2026 2764 urbes
2075 2695 2428 2766 hodiernas
2481 2713 2788 2792 quatuor,

672 2827 819 2897 quae
864 2802 1269 2871 contentioni
1324 2799 1595 2869 fuerunt
1629 2799 1979 2885 obnoxiae,
2022 2800 2372 2895 seligamus
2414 2829 2654 2892 unam,
2695 2807 2784 2873 cui

654 2911 773 2978 -sin
798 2910 1021 2976 omnia
1041 2959 1059 2993 ,
1092 2906 1321 2976 saltem
1359 2904 1646 3001 plurima
1672 2905 2135 2999 descriptionis
2165 2910 2486 2978 Hirtianae
2518 2909 2782 2978 delinea-

671 3029 897 3084 menta
932 3014 1348 3083 conveniant.
1388 3014 1493 3079 Ex
1521 3012 1626 3082 his
1660 3011 1808 3080 duae
1843 3037 1880 3080 e
1915 3037 2244 3082 concursu
2281 3032 2564 3108 possunt
2591 3018 2780 3109 rejici3

672 3119 813 3191 scil.
864 3120 1126 3191 Cabors
1171 3133 1236 3187 et
1273 3119 1568 3189 Luzeck.
1605 3116 1888 3188 ‘Nullum
1935 3120 2110 3188 enim
2147 3121 2214 3186 in
2259 3119 2362 3189 his
2399 3122 2778 3190 Uxelloduni

670 3228 912 3296 veteris
943 3227 1288 3319 vestigium
1330 3238 1560 3292 exstat.
1597 3227 1768 3292 Duae
1793 3239 2016 3292 autem
2045 3224 2312 3318 reliquae
2334 3227 2588 3296 habent
2617 3231 2776 3322 signa

553 3373 557 3380 ,
672 3333 907 3418 dubia,
928 3357 1074 3426 quoe
1104 3333 1351 3424 pariter
1386 3330 1872 3418 convenientia,
1905 3325 2272 3402 fautoribus
2296 3332 2537 3401 harum
2565 3337 2634 3402 in
2659 3357 2775 3403 sen-

672 3440 877 3511 tentia
912 3462 1028 3508 sua
1056 3436 1485 3531 permanendi
1513 3460 1739 3504 ansam
1781 3436 2240 3530 praebuemnt3
2283 3437 2376 3506 ita
2419 3453 2494 3507 ut
2535 3437 2773 3508 difficile

670 3545 1029 3618 admodum
1063 3545 1145 3612 sit
1180 3545 1351 3612 inter
1388 3567 1502 3610 eos
1535 3541 1858 3634 judicium
1894 3541 2084 3612 ferre.
2127 3546 2164 3611 J
2167 3567 2274 3612 am
2315 3547 2653 3640 utriusque
2681 3545 2772 3612 de·

670 3653 1093 3746 scriptionem
1154 3673 1237 3720 ex
1286 3672 1486 3742 opere
1541 3648 1777 3717 emditi
1839 3649 1964 3716 viri
2015 3649 2486 3744 Champollion
2541 3656 2773 3746 Fegreac

672 3754 1005 3852 sumpt'am
1037 3754 1354 3824 vidimus:
1384 3768 1651 3848 oportet
1687 3779 1864 3824 nunc
1899 3768 1976 3822 ut
2007 3753 2201 3823 aliam
2228 3755 2358 3825 loci
2387 3756 2548 3826 dicti
2573 3761 2638 3826 le
2644 3778 2777 3852 puy·

668 3866 971 3936 d'Issolu
1008 3887 1091 3930 ex
1133 3860 1523 3929 adversariis
1562 3861 1759 3955 hujus
1801 3875 2178 3954 excerptam
2223 3861 2456 3932 lectori
2497 3864 2770 3956 subjicia-

669 3997 853 4057 ιιιυε,
892 3984 973 4038 ut
1019 3970 1159 4064 ipse
1210 3993 1357 4060 quae
1408 3969 1668 4061 utrique
1720 3965 1884 4036 fides
1937 3967 2020 4035 sit
2069 3967 2375 4036 habenda
2421 3969 2666 4051 videat3
2717 3979 2770 4032 et

672 4078 873 4148 verba
894 4075 1249 4146 mutuabor
1266 4074 1351 4142 ab
1370 4099 1454 4142 eo
1474 4075 1618 4166 ipso
1633 4127 1652 4160 ,
1671 4097 1868 4167 quem
1887 4073 2242 4165 exagitavit
2259 4089 2484 4144 noster
2499 4076 2768 4146 criticus.
