3017 5042
1027 483 1717 552 FRAGMENTA.
2352 481 2447 554 23

301 608 450 680 lieet
489 609 854 678 Memmius
875 662 893 695 ‚
928 613 1068 677 ista
1105 609 1402 677 macella
1444 607 1623 676 dicat
1642 661 1661 695 ,
1698 619 1765 675 et
1810 608 2034 676 Caesar
2053 660 2071 694 ‚
2109 610 2275 676 luta.
2322 612 2447 678 Ex

303 719 498 786 Velio
543 719 784 810 Longo
819 715 908 784 de
954 716 1467 810 orthographia
1480 767 1503 800 ,
1537 713 1664 783 col.
1711 739 1749 782 2
1764 739 1802 782 2
1815 715 1933 798 44.

405 827 773 894 Lacrumoe
815 846 900 889 an
945 825 1288 892 Lacrimoe
1309 875 1332 907 ‚
1379 819 1765 890 Maxumus
1806 844 1893 888 an
1932 823 2329 907 Maximus,
2380 836 2448 889 et

303 933 354 1000 si
395 955 546 1024 quae
592 927 828 1000 similia
869 942 1024 998 sunt
1047 981 1066 1014 ‚
1103 928 1304 998 scribi
1363 927 1651 998 debeant
1688 978 1705 1011 ,
1751 928 2101 1021 quaesitum
2155 943 2270 996 est.
2311 930 2445 996 Te-

302 1038 552 1105 rentius
597 1037 819 1105 Varro
876 1033 1146 1104 tradidit
1205 1037 1539 1106 Caesarem
1599 1058 1721 1128 per
1762 1037 1811 1102 I
1863 1033 2188 1128 ejusmodi
2243 1035 2451 1103 verba

304 1143 569 1212 solitum
605 1165 748 1210 esse
802 1143 1152 1210 enuntiare
1203 1156 1270 1210 et
1311 1140 1600 1210 scribere
1642 1166 1657 1207 τ
1702 1139 1857 1209 inde
1901 1153 2178 1235 propter
2212 1155 2450 1210 aucto-

303 1252 561 1318 ritatem
603 1249 771 1315 tanti
812 1249 937 1316 viri
981 1247 1531 1316 consuetudinem
1574 1247 1839 1315 factam.
1894 1245 2027 1316 Sed
2064 1272 2190 1341 ego
2228 1248 2297 1314 in
2341 1273 2456 1317 an-

305 1354 648 1450 tiquorum
663 1404 682 1436 ,
725 1368 848 1456 etc.
902 1354 1354 1424 Cassiodorus
1393 1379 1487 1422 ex
1520 1355 1801 1424 Atmaeo
1850 1356 2149 1426 Cornuto
2193 1353 2281 1424 de
2322 1356 2455 1424 Or-

302 1462 756 1558 thograplaa,
794 1462 921 1529 col.
986 1486 1024 1528 2
1039 1486 1077 1530 2
1091 1460 1208 1548 84.

408 1570 613 1638 Varie
645 1569 848 1636 etiam
887 1568 1326 1664 scriptitatum
1351 1578 1450 1634 est
1471 1569 1999 1662 ,Mancupz'um,
1990 1570 2415 1710 9Aucupitcm
2430 1620 2455 1653 ,

301 1673 682 1746 Manubzae.
722 1672 1058 1766 Siquidem
1090 1676 1166 1743 C.
1207 1675 1434 1742 Caesar
1467 1697 1588 1767 per
1617 1677 1664 1742 I
1687 1671 2042 1768 scripsit²⁹‚
2071 1689 2146 1742 ut
2181 1688 2461 1769 apparet

302 1799 381 1852 ex
423 1780 678 1850 titulis
661 1782 883 1875 ipsius.
924 1782 1048 1850 Ex
1093 1782 1290 1848 Velio
1333 1778 1420 1847 de
1465 1779 2019 1875 orthographia,
2056 1782 2185 1849 col.
2232 1781 2457 1850 2228.

405 1891 514 1958 An
559 1886 708 1956 ideo
749 1887 968 1955 minor
1007 1901 1107 1955 est
1135 1888 1229 1954 M.
1277 1884 1831 1978 Tullius-orator,
1859 1885 2041 1980 qnod
2086 1886 2261 1955 idem
2297 1888 2461 1956 artis

300 1995 501 2092 hujus
541 1985 568 2082 (
603 1987 1151 2080 Grammaticce)
1189 1990 1732 2087 diligentissimus
1778 1991 1940 2080 fuit,
1968 2006 2034 2060 et
2072 1994 2143 2060 in
2181 1991 2351 2090 filio,
2386 2007 2463 2063 ut

305 2105 368 2170 in
419 2099 735 2195 Epistolis
780 2114 1092 2194 apparet,
1147 2114 1327 2168 recte
1376 2098 1690 2192 loquendi
1743 2123 2216 2193 usquequaque
2264 2123 2463 2194 asper

305 2232 568 2302 quoque
613 2205 935 2275 exactor?
987 2209 1120 2275 Aut
1153 2207 1290 2274 vim
1349 2207 1424 2274 C.
1474 2207 1753 2275 Caesaris
1802 2205 2144 2301 fregerunt
2184 2205 2342 2274 editi
2377 2205 2461 2276 de

306 2313 627 2410 Analogia
663 2310 862 2382 libri?
904 2314 1183 2406 Quintil.
1231 2311 1343 2382 lib.
1376 2317 1440 2399 I,
1489 2336 1549 2380 e.
1586 2337 1654 2407 7.

991 2474 1770 2542 APOPHTHEGMATA.

407 2625 539 2694 Sed
582 2639 807 2694 tamen
836 2626 980 2718 ipse
1020 2627 1246 2692 Caesar
1285 2624 1488 2692 habet
1533 2649 1807 2718 peracre
1842 2625 2199 2717 judicium;
2244 2639 2342 2709 et,
2385 2638 2461 2692 ut

307 2734 576 2801 Servius
621 2731 826 2799 frater
867 2746 1056 2817 tum,
1109 2755 1307 2824 quem
1353 2729 1893 2799 litteratissimum
1945 2731 2145 2800 fuisse
2184 2730 2415 2824 judico
2441 2785 2459 2816 ,

307 2837 497 2908 facile
545 2838 830 2926 diceret,
872 2836 984 2908 hie
1016 2861 1258 2907 versus
1302 2839 1549 2908 Plauti
1576 2862 1716 2908 non
1759 2852 1862 2906 est
1876 2891 1900 2924 ,
1933 2835 2045 2906 kic-
2080 2852 2223 2922 est,
2274 2835 2455 2930 quod

305 2948 498 3016 tritas
522 2969 720 3014 aures
749 2944 1027 3017 haberet
1055 2943 1366 3013 notandis
1402 2944 1755 3040 generibus
1788 2950 2173 3039 poetarum,
2193 2958 2261 3011 et
2296 2969 2455 3012 con-

304 3051 655 3120 suetudine
698 3050 958 3145 legendi
1004 3077 1017 3118 :
1065 3053 1158 3120 sic
1208 3050 1407 3120 audio
1450 3054 1783 3121 Caesarem
1806 3106 1825 3136 ‚
1869 3076 2075 3146 quum
2113 3047 2458 3118 volumina

295 3159 433 3253 jam
487 3155 852 3234 confecerit
897 3157 1388 3252 ἀποφθεγμάτων
1411 3212 1430 3245 ,
1489 3160 1542 3226 si
1585 3158 1744 3253 quid
1791 3157 2112 3228 afferatur
2164 3157 2249 3226 ad
2301 3182 2455 3226 eum

301 3292 430 3360 pro
475 3289 626 3334 meo
647 3318 667 3351 ‚
705 3264 885 3358 quod
935 3287 1158 3333 meum
1203 3289 1342 3334 non
1379 3265 1494 3347 sit,
1540 3265 1812 3357 rejicere
1850 3264 2060 3333 solere
2092 3289 2107 3332 ε
2150 3263 2333 3359 quod
2372 3289 2453 3332 eo

303 3397 488 3440 nunc
521 3373 733 3465 magis
777 3371 968 3460 facit}
996 3373 1150 3466 quia
1186 3371 1419 3440 vivunt
1461 3397 1725 3441 mecum
1772 3370 1910 3439 fere
1955 3370 2249 3465 quotidie
2284 3367 2457 3440 illius

303 3477 680 3550 familiares.
720 3475 1036 3549 Incidunt
1066 3493 1288 3548 autem
1329 3479 1399 3545 in
1443 3503 1752 3548 sermone
1797 3479 1982 3548 vario
2027 3475 2273 3565 multa,
2308 3501 2455 3570 quae

303 3585 588 3656 fortasse
633 3583 1018 3678 illis‚quum
1057 3584 1230 3672 dixi,
1267 3609 1390 3653 nec
1438 3583 1777 3654 illitterata
1802 3639 1822 3671 ‚
1860 3611 1985 3655 nec
2021 3582 2268 3654 insulsa
2312 3607 2453 3652 esse

301 3693 678 3760 videantur.
728 3693 890 3758 Haec
935 3691 1020 3759 ad
1061 3689 1247 3761 illum
1288 3715 1438 3760 cum
1487 3692 1753 3786 reliquis
1794 3693 1960 3760 actis
2003 3691 2451 3786 perferuntur.

303 3799 405 3868 Ita
445 3799 626 3867 enim
668 3799 809 3891 ipse
853 3795 1210 3867 mandavit.
1251 3800 1357 3867 Sic
1399 3797 1517 3886 fit,
1554 3813 1666 3888 ut,
1709 3799 1762 3867 si
1802 3798 1962 3892 quid
1998 3812 2316 3892 praeterea
2369 3796 2453 3866 de

303 3931 428 3974 me.
451 3905 720 3992 audiat,
753 3929 892 3973 non
929 3904 1334 3973 audiendum
1368 3920 1577 4000 putet.
1624 3908 1759 3976 Cic.
1792 3905 1903 3974 lib.
1936 3909 2079 3990 IX,
2117 3905 2222 3974 ad
2250 3909 2447 3975 Fam.

305 4015 436 4110 Ep.
493 4010 620 4099 16,
663 4010 966 4118 aqup.
1010 4015 1298 4080 Paetum.
2256 4003 2261 4044 ¹

384 4205 474 4256 ²9·
505 4187 610 4240 Hic
636 4197 716 4240 est
741 4186 1008 4256 Caligula,
1037 4197 1097 4238 ut
1127 4187 1434 4238 Bur-manno
1465 4183 1694 4238 videtur.
