3017 5042
588 494 682 517 wu-
688 493 1432 517 mmmmm
1437 494 1487 517 ας
1495 492 1804 516 *mmm
1811 490 2759 517 mmm-mmmmm*

642 702 1561 829 PRAEMONITIO
1626 702 1819 808 AD
1892 704 2683 818 LECTOREM.
2751 868 2755 872 ἱ

589 990 1114 1095 Ριιοιιιιειιιιιιυ
1127 1058 1152 1095 s
1166 1078 1183 1105 ,
1205 1036 1307 1093 tibi
1327 1038 1497 1093 lector
1520 1037 1723 1109 optime
1736 1076 1752 1103 ‚
1769 1037 1831 1091 in
1844 1038 2025 1109 primo
2042 1036 2317 1092 volumine
2338 1026 2534 1093 nostras
2554 1037 2757 1094 editio?

589 1124 701 1189 nis,
721 1142 772 1202 p.
803 1140 929 1175 xxm
943 1160 959 1188 ,
979 1120 1116 1181 duos
1139 1118 1342 1173 indices
1365 1118 1772 1191 geographicas,
1790 1133 1963 1171 unum
1989 1118 2355 1173 exhibiturum
2372 1120 2619 1173 notitiam
2642 1140 2755 1174 no·

588 1222 710 1257 vam
732 1188 919 1256 Galliae
937 1203 1169 1273 antiquae
1193 1200 1527 1271 temporibus
1542 1196 1576 1250 J
1581 1238 1594 1252 .
1617 1197 1837 1251 Caesaris
1852 1237 1873 1265 ,,
1889 1212 1943 1253 et
1962 1197 2181 1270 quidem
2200 1199 2369 1253 fusius
2394 1198 2759 1271 descriptam;

590 1284 818 1337 alterum
843 1294 1021 1335 autem
1049 1281 1168 1335 loca
1193 1280 1497 1334 summatim
1528 1276 1892 1333 indicaturum
1910 1318 1928 1345 ,
1956 1298 2075 1351 quae
2105 1280 2291 1349 insuis
2316 1278 2760 1351 expeditionibus

588 1363 858 1436 percurrit
886 1362 1089 1427 Caesar-3
1119 1359 1214 1415 sed
1232 1399 1250 1426 ,
1274 1359 1555 1433 proposito
1580 1371 1767 1413 nostro
1796 1358 2146 1431 postmodum
2166 1360 2419 1413 attentius
2447 1379 2725 1433 perpenso
2740 1400 2759 1429 ,

589 1444 691 1497 tibi
721 1443 908 1496 utilius
947 1443 1064 1496 fore
1101 1440 1379 1507 duximus,
1406 1441 1451 1493 si
1485 1458 1549 1493 ex
1578 1438 1790 1492 duobus
1824 1458 1997 1493 unum
2035 1440 2414 1495 conficeremus
2432 1478 2449 1507 ,
2473 1442 2593 1513 pari
2614 1461 2759 1497 cura

588 1524 948 1584 elaboratum,
985 1522 1080 1593 qui
1101 1522 1282 1574 omnia
1314 1522 1458 1587 loca,
1492 1532 1610 1597 tum
1637 1520 1823 1574 Galliae
1852 1521 2077 1588 veteris,
2107 1534 2225 1574 tum
2252 1520 2419 1573 Italiae
2434 1562 2451 1587 ‚
2490 1524 2755 1594 AEgypti,

588 1604 782 1656 Africae
799 1616 853 1657 et
876 1604 1012 1657 Asiae
1033 1603 1493 1674 complecteretur.
1516 1596 1601 1653 En
1632 1601 1823 1673 igitur,
1848 1601 2042 1667 lector,
2073 1600 2306 1655 indicem
2328 1601 2756 1673 geographicum

586 1682 910 1755 jampridem
940 1683 997 1737 in
1023 1683 1183 1755 hujus
1206 1682 1383 1756 operis
1413 1683 1683 1736 curriculo
1712 1683 2141 1753 praenunciatum
2170 1682 2271 1735 tihi
2298 1683 2600 1748 offex-imm,
2631 1702 2757 1737 non

591 1765 843 1817 omnihus
867 1764 1089 1818 forsitan
1111 1765 1413 1819 absolutum
1438 1763 1705 1826 numeris,
1736 1762 1830 1817 sed
1854 1776 2116 1835 quantum
2146 1764 2203 1815 in
2224 1763 2381 1816 nobis
2402 1763 2507 1816 fuit
2528 1782 2757 1817 accura-

590 1855 708 1897 tum
739 1864 754 1898 :
799 1843 934 1898 illud
955 1858 1132 1899 tamen
1164 1858 1216 1898 te
1244 1841 1690 1915 praemonendum
1728 1845 2060 1911 censuimus,
2096 1844 2296 1897 scilicet
2323 1862 2422 1896 nos
2452 1861 2563 1896 non
2603 1844 2757 1913 circa

591 1924 750 1978 obvia
780 1944 1036 1999 quasque,
1082 1936 1138 1979 et
1165 1926 1294 1998 ipsis
1323 1925 1592 1978 tironibus
1615 1936 1743 1977 nota
1772 1944 1993 1999 operam
2022 1922 2441 1996 consumpsisse.;
2466 1937 2520 1977 at
2548 1926 2608 1977 in
2641 1925 2761 1979 illis

591 2006 862 2078 praecipue
892 2007 1053 2060 fuisse
1081 2018 1316 2059 moratos
1332 2044 1348 2070 ‚
1384 2024 1502 2076 quae
1535 2002 1603 2057 ad
1631 2013 1867 2058 exactam
1913 2005 2249 2079 geographiae
2280 2024 2527 2058 normam
2541 2044 2559 2071 ,
2592 2017 2650 2058 et
2685 2004 2759 2075 ad

590 2086 834 2159 gentium
861 2087 1186 2159 urbiumque
1211 2084 1557 2158 exponendos
1584 2084 1715 2138 situs
1739 2085 2109 2156 pertinerent:
2134 2088 2314 2158 itaque
2338 2087 2542 2139 omissis
2565 2087 2757 2139 notio-

591 2165 752 2218 nibus
767 2204 784 2230 .,
809 2185 928 2237 quae
951 2168 1235 2227 lectorem,
1267 2168 1378 2237 jam
1406 2166 1595 2236 primis
1622 2165 1922 2219 litterarum
1958 2165 2277 2220 rudimentis
2305 2166 2575 2220 imbutum
2588 2204 2605 2233 ,
2630 2186 2757 2233 non

592 2244 810 2315 fugiunt
824 2283 841 2310 ‚
871 2246 974 2298 alia
1003 2246 1314 2317 collegimus
1328 2282 1345 2311 ,
1369 2244 1565 2315 quibus
1579 2242 1851 2317 dispositis
1866 2286 1881 2311 ‚
1912 2248 2320 2299 contentionum
2342 2264 2511 2301 causae
2531 2248 2619 2300 vel
2638 2246 2755 2300 dif-

591 2324 895 2378 ficultatum
921 2323 1054 2378 nodi
1101 2344 1168 2379 ex
1197 2325 1513 2397 antiquitate
1542 2337 1596 2378 et
1624 2334 1939 2397 temporum'
1968 2326 2180 2397 injuriis
2210 2327 2441 2380 intricati
2472 2327 2757 2397 solverim-3

591 2415 703 2457 tur.
730 2401 921 2477 Neque
967 2406 1142 2477 pigeat
1169 2418 1250 2472 te,
1277 2407 1715 2477 quotiescumque
1741 2406 1799 2458 in
1830 2407 1960 2459 urbe
1990 2407 2164 2479 aliqua
2186 2408 2271 2459 vel
2294 2419 2451 2477 gente
2480 2407 2717 2461 haerebis
2732 2444 2751 2472 ,

593 2482 664 2537 ad
701 2497 940 2537 nostram
977 2484 1047 2539 de
1085 2486 1232 2550 orbis
1267 2487 1477 2539 romani
1507 2486 1731 2539 urbibus
1768 2500 1823 2539 et
1846 2487 2062 2559 populis
2087 2485 2498 2559 descriptionem
2525 2506 2756 2558 geogra-

592 2564 810 2634 phicam
851 2567 1170 2637 confugere,
1214 2564 1284 2619 ad
1323 2582 1486 2636 quam
1522 2565 1911 2619 conficiendam
1939 2586 2051 2619 non
2090 2567 2262 2619 solum
2315 2566 2531 2633 Strabo,
2567 2568 2755 2621 Ptole·

594 2662 785 2709 maeus,
811 2645 1142 2712 Antoninus,
1160 2645 1344 2718 Steph.
1364 2643 1432 2698 de
1441 2646 1611 2710 urb„
1643 2646 1809 2712 Mela,
1838 2647 2099 2711 AEthicus,
2116 2648 2295 2701 tabula
2308 2647 2725 2719 peutingeriana
2740 2688 2757 2714 ,

595 2723 1147 2797 Hierosolymitanum
1167 2725 1504 2779 itinerarium
1522 2765 1538 2794 ,
1556 2744 1669 2778 uno
1688 2727 2089 2781 verho·veteres
2114 2727 2481 2799 geographicae
2510 2728 2590 2781 rei
2622 2729 2759 2795 scri-2

595 2816 778 2875 ptores
821 2818 1240 2873 concurrerunt3
1281 2803 1376 2859 sed
1417 2819 1470 2859 et
1498 2806 1820 2860 recentiores
1834 2844 1852 2871 ,
1891 2807 2032 2860 inter
2072 2826 2205 2879 quos
2254 2807 2597 2861 illustrissimi
2642 2808 2753 2861 viri

595 2884 889 2939 Marlianus
907 2925 922 2954 ,
965 2886 1234 2953 Ortelius,
1265 2886 1572 2943 Cluverius,
1610 2883 1779 2939 Hadr.
1812 2886 2055 2939 Valesius
2077 2927 2093 2955 ,
2131 2886 2344 2949 Samon,
2380 2889 2663 2951 d'Anville,
2697 2902 2753 2943 et

595 2964 686 3015 alii
714 2965 1011 3031 innumeri,
1029 2984 1260 3038 quorum
1282 2965 1745 3019 observationibus
1765 2967 1848 3019 usi
1868 2984 2080 3032 sumus3
2101 2968 2175 3020 ita
2202 2980 2293 3034 ut,
2317 2987 2429 3021 non
2450 2981 2560 3021 tam
2588 2970 2747 3021 abso-

593 3043 765 3097 lutam
789 3046 954 3099 totius
984 3046 1132 3099 orbis
1157 3045 1367 3099 romani
1392 3046 1628 3116 partium
1655 3043 2067 3118 descriptionem
2080 3085 2097 3115 ‚
2119 3066 2281 3119 quam
2306 3049 2548 3103 omnium
2567 3050 2749 3121 regio·-

594 3142 729 3177 num
771 3144 890 3197 quae
927 3124 987 3178 C.
1020 3126 1054 3177 J
1055 3126 1167 3178 ulio
1200 3126 1396 3179 Caesari
1442 3138 1794 3179 occurrerunt
1809 3166 1825 3195 ,
1853 3128 2101 3180 notitiam
2146 3127 2543 3199 impertiremus
2567 3167 2583 3195 ,
2625 3148 2751 3202 quae

595 3204 709 3259 sola
745 3205 902 3258 nobis
944 3205 1049 3257 fuit
1091 3224 1242 3258 mens
1268 3217 1322 3258 et
1353 3224 1476 3277 erga
1503 3217 1559 3260 te
1596 3207 1984 3277 promissorum
2015 3208 2286 3279 obligatio,
2328 3210 2591 3263 Praeterea
2630 3211 2750 3264 cui-

595 3305 704 3360 que
747 3286 998 3340 locorum
1035 3285 1297 3339 vocabulo
1343 3284 1539 3357 gradus
1568 3285 1866 3340 latitudinis
1900 3301 1955 3341 et
1993 3287 2344 3359 longitudinis
2375 3290 2715 3361 reposuimus
2730 3330 2748 3357 ,

592 3385 706 3421 non
731 3364 867 3420 adeo
895 3378 1073 3419 tamen
1095 3378 1304 3431 exacte,
1326 3378 1388 3419 ut
1414 3367 1563 3438 nulla
1588 3379 1885 3438 superesset
1909 3365 2221 3434 difficultas,
2242 3368 2335 3422 sed
2364 3372 2487 3424 satis
2515 3369 2747 3441 diligen-

591 3460 704 3511 ter,
723 3459 786 3499 ut
809 3445 979 3500 lector
1000 3446 1202 3517 quivis,
1229 3446 1344 3499 sine
1370 3447 1478 3499 ulla
1499 3446 1695 3499 mentis
1724 3449 2093 3513 contentione,
2114 3448 2182 3502 ad
2206 3458 2457 3522 mappam
2478 3468 2749 3522 quamque

593 3527 908 3598 confugiens
953 3525 1266 3580 consulendi
1297 3527 1467 3599 gratia
1481 3564 1498 3593 ,
1534 3526 1715 3579 locum
1750 3530 2033 3598 quaesitum
2063 3548 2175 3582 uno
2214 3530 2475 3601 reperiret
2509 3542 2745 3602 aspectu.

595 3606 761 3676 Quod
797 3606 1017 3680 quidem
1047 3608 1208 3660 rebus
1245 3605 1422 3661 dubiis
1455 3618 1508 3658 et
1552 3608 1885 3661 contentioni
1927 3609 2173 3662 obnoxiis
2188 3648 2204 3677 ,
2234 3623 2297 3663 ut
2342 3624 2469 3665 sunt
2496 3612 2750 3665 notiones

594 3688 962 3762 geographicae
984 3688 1214 3758 antiquae
1227 3726 1242 3752 ‚
1265 3688 1389 3740 satis
1411 3705 1525 3739 esse
1551 3685 1766 3751 debuit3
1788 3699 1840 3740 et
1866 3690 2072 3760 quoties
2098 3690 2443 3762 Geographos
2462 3703 2665 3744 veteres
2687 3691 2749 3744 in

592 3768 958 3823 testimonium
969 3768 1299 3832 vocavimus,
1321 3785 1508 3819 eorum
1529 3765 1799 3821 scribendi
1811 3770 2164 3824 characterem
2180 3810 2196 3838 ,
2218 3772 2377 3824 etiam
2399 3770 2718 3825 mendosum
2733 3810 2752 3837 ‚

590 3849 838 3921 religiose
851 3848 1202 3921 expressimus
1215 3886 1232 3914 ‚
1253 3859 1316 3900 ut
1338 3847 1554 3900 lectoris
1579 3848 1747 3902 oculis
1764 3848 1939 3920 ipsum
1964 3851 2116 3924 quasi
2140 3863 2553 3905 monumentum
2581 3851 2752 3923 sthi-

591 3930 780 3983 ciatur.
817 3928 904 3983 Sic
935 3941 1180 3982 nostrum
1219 3928 1325 3981 hoc
1351 3946 1488 4000 opus
1518 3927 1576 3980 in
1604 3940 1762 3983 tuum
1787 3931 1925 3984 bene
1959 3930 2112 3987 cedat
2135 3931 2508 4001 commodum,
2548 3932 2747 3991 lector,

593 4010 936 4065 vehementer
955 4021 1219 4080 optamus.
1251 4008 1392 4065 Vive
1423 4020 1478 4063 et
1503 4010 1640 4065 vale.
