3017 5042
493 439 592 512 36
1086 439 1163 506 C.
1220 435 1512 504 JULII
1566 432 2041 503 CAESARIS

621 568 914 638 <Hodie
967 567 1250 636 victoria
1290 591 1496 660 penes
1539 565 1800 634 hostem
1856 563 2124 649 fuisset,
2178 565 2230 633 si
2262 563 2441 634 ‘duce
2490 581 2635 635 ute-

491 693 722 764 retur,
767 677 882 770 qui
919 675 1115 744 sciret
1153 673 1439 742 vincere.
1486 673 1758 741 »Plua
1812 673 1982 742 Caes.
2027 689 2083 739 c.
2128 673 2479 760 XXXIX,
2528 673 2634 742 ed.

491 801 666 854 nost.
706 799 754 851 t.
793 786 952 867 ΙΙΙ,
979 805 1060 876 p.
1107 778 1302 876 3073
1337 793 1406 847 et
1433 780 1747 874 Appiam.
1782 776 1897 846 lib.
1921 781 2025 864 II,
2056 781 2135 848 B.
2164 779 2233 848 C.
2249 801 2429 873 pag.
2456 726 2635 874 ’567.

607 889 954 958 «Invideo
997 886 1120 956 tibi
1153 900 1476 972 mortem,
1520 910 1562 952 0
1600 887 1813 970 Cat03
1853 909 2008 952 nam
2056 898 2129 953 tu
2166 908 2433 978 quoque
2476 885 2641 952 mihi

495 997 773 1068 salutem
817 1010 1000 1064 tuam
1043 992 1435 1061 invidisti.»
1489 993 1674 1061 Plut.
1725 992 1897 1061 Coes.
1937 992 2143 1073 LIV,
2184 1005 2229 1058 t.
2277 993 2429 1078 III,
2456 1014 2637 1086 pag.

499 1103 694 1191 3183
735 1117 802 1172 et
845 1104 1156 1198 Appian.
1206 1098 1317 1167 lib.
1366 1101 1483 1183 II,
1534 1101 1614 1166 B.
1664 1099 1736 1163 C.
1772 1120 1955 1192 pag.
2003 1100 2178 1190 490.

596 1203 626 1232 ⁴*
687 1212 911 1279 Caesar
953 1207 1191 1276 dixisse
1235 1205 1481 1289 fertur,
1524 1231 1561 1267 «
1602 1204 1867 1272 Cassius
1922 1203 2211 1296 aequiora
2251 1216 2432 1272 certe
2476 1227 2640 1295 pro-

489 1313 618 1387 fert
648 1343 662 1385 :
699 1341 826 1412 ego
853 1339 1014 1383 vero
1037 1302 1318 1381 Brutum
1347 1335 1484 1381 non
1516 1307 1853 1404 praeterire
1880 1333 2228 1405 possum.»
2249 1310 2433 1379 Plus.
2466 1311 2638 1378 Caes.

491 1450 547 1493 c,
579 1425 822 1507 LXII,
856 1436 903 1489 t.
931 1422 1078 1505 III,
1093 1442 1177 1514 p.
1213 1415 1390 1502 326,
1417 1430 1487 1486 et
1512 1418 1825 1511 Appian.
1865 1413 1974 1483 lib.
2002 1419 2107 1502 ΙΙ,
2145 1419 2227 1484 Β.
2266 1417 2335 1486 C.
2352 1438 2434 1510 p.
2464 1416 2638 1510 498.

602 1532 828 1598 Caesar
851 1526 1061 1596 Cassii
1089 1524 1621 1616 conjurationem
1650 1521 2134 1609 deferentibus,
2156 1523 2249 1589 ait
2276 1545 2469 1590 suum
2494 1545 2645 1591 cor·

493 1662 620 1732 pus
647 1650 955 1729 tangens:
978 1662 1013 1697 ((
1036 1634 1198 1700 Haec
1219 1631 1389 1698 cutis
1413 1642 1760 1723 exspectat
1781 1631 2081 1697 Brutum.
2095 1628 2325 1696 »Plau
2348 1629 2523 1696 Coes.
2550 1628 2641 1697 ib.

610 1771 644 1805 α
685 1744 792 1810 De
837 1740 1066 1810 Cassio
1119 1737 1281 1831 quid
1329 1736 1519 1804 vobis
1560 1732 1876 1803 videtur?
1915 1735 2259 1803 enimvero
2299 1734 2463 1802 mihi
2508 1759 2649 1804 non

494 1843 715 1946 placet
755 1873 771 1914 :
821 1870 977 1916 nam
1023 1844 1217 1912 nimis
1269 1856 1369 1910 est
1417 1839 1718 1936 pallidus.
1771 1843 1875 1910 Et
1910 1841 2165 1935 paullo
2214 1855 2393 1935 post
2431 1865 2453 1907 .·
2505 1844 2650 1910 Hos

489 1956 797 2026 homines
841 1954 1160 2048 pingues,
1204 1964 1270 2018 et
1309 1962 1609 2018 comatos
1654 1972 1792 2016 non
1828 1946 2192 2016 admodum
2228 1947 2431 2015 timeo
2470 1971 2487 2014 :
2523 1947 2649 2016 hos

491 2085 660 2131 vero
694 2057 972 2155 pallidos
1007 2071 1075 2124 et
1103 2054 1380 2150 graciles
1407 2053 1621 2122 multo
1654 2053 1901 2146 magiS,
1938 2082 1973 2118 n
2006 2048 2342 2140 (Cassium
2380 2066 2448 2121 et
2482 2057 2651 2123 Bru·

489 2184 642 2238 tum
689 2155 1140 2260 significans).
1181 2165 1304 2230 Ex
1346 2161 1763 2243 Plutarcho,
1806 2164 1875 2226 in
1926 2162 2240 2248 Caesare,
2289 2157 2555 2228 ibidem.

618 2265 892 2342 «Heusl
929 2269 1171 2337 adsunt
1194 2267 1354 2335 Idus
1380 2267 1659 2336 Martiae.
1690 2267 2023 2361 Aruspex
2060 2281 2291 2334 autem
2316 2266 2655 2360 placide:

503 2379 768 2451 Adsunt
787 2375 1087 2472 quidem,
1107 2373 1222 2442 sed
1250 2371 1550 2442 nondum
1580 2371 1816 2466 elapsae
1841 2387 2071 2442 sunt.»
2095 2371 2289 2441 Idem
2318 2396 2375 2440 c.
2406 2375 2668 2442 LXIII

617 2484 711 2555 32

487 2514 571 2584 p
615 2509 847 2680 Quiim
886 2613 1102 2658 sermo
1141 2585 1510 2690 incidisset?
1552 2588 1879 2674 Quaenam
1926 2611 2107 2656 mors
2154 2601 2327 2664 esset
2362 2511 2663 2682 optima?

511 2723 742 2770 omnes
778 2699 1220 2792 praevenienS‚
1243 2697 1663 2789 Inopinata,
1699 2694 1930 2786 inquit.
1968 2695 2095 2762 Ex
2135 2694 2549 2779 Plutarcho,
2590 2699 2665 2762 in

518 2809 830 2889 Caesare,
850 2803 1119 2872 ibidem.
1159 2799 1332 2868 Vide
1363 2814 1431 2868 et
1467 2803 1907 2896 Appianum,
1946 2800 1988 2868 l.
2023 2802 2139 2885 II,
2172 2803 2250 2868 Β.
2284 2802 2356 2870 C.
2372 2824 2448 2894 p.
2486 2797 2661 2870 500.

619 2904 1019 2980 *Caesarem
1071 2907 1296 2976 ferunt
1337 2907 1585 2974 nuncio
1630 2903 2049 3006 ‘respondisse
2096 2896 2124 2992 (
2176 2905 2503 3001 simulque
2557 2931 2667 2974 ca-

516 3018 749 3116 pulum
793 3015 994 3110 gladii
1034 3005 1533 3108 percutiebat):
1566 3017 1709 3082 Hic:
1748 3011 1916 3080 mila·
1956 2999 2169 3080 ddbzsst
2210 3014 2315 3081 Ex
2350 3015 2674 3134 Appiani

518 3125 630 3194 lib.
673 3125 794 3209 ΙΙ,
833 3125 912 3190 Β.
966 3123 1034 3192 C.
1061 3143 1241 3216 pag.
1286 3117 1459 3203 443.
1894 3187 1899 3194 .

628 3223 1247 3312 *Atheniensibus,
1280 3227 1553 3293 veniam
1585 3248 1624 3292 a
1660 3250 1730 3292 se
1772 3225 2181 3319 petentibus,
2226 3224 2408 3294 dedit
2445 3225 2671 3298 etad-

526 3337 737 3408 didit:
792 3333 1139 3426 chamdm
1177 3357 1305 3401 vos
1323 3379 1347 3412 ,
1399 3356 1537 3426 per
1572 3336 2024 3425 vosmetzpsos
2058 3332 2407 3428 perditos,
2452 3331 2674 3424 majo-

528 3469 677 3512 rum
701 3441 941 3536 gloria
967 3438 1321 3508 salvabit?
1343 3438 1721 3532 Appianus‚
1753 3438 1865 3507 lib.
1904 3442 2019 3524 II,
2060 3444 2141 3508 B.
2183 3441 2253 3514 C.
2270 3463 2447 3533 pag.
2495 3439 2673 3524 482.

649 3579 684 3613 α
715 3550 846 3616 Hic
877 3548 1001 3617 erit
1029 3545 1213 3632 finis,
1250 3559 1319 3612 et
1345 3541 1504 3612 'vitae
1536 3543 1734 3628 mihi,
1770 3559 1838 3611 et
1875 3545 2064 3612 vobis
2100 3545 2613 3638 expeditionum.
2634 3575 2672 3610 >2

535 3659 634 3726 Et
662 3655 914 3752 paullo
946 3668 1116 3749 post
1153 3677 1173 3718 .·
1217 3653 1453 3746 Ipsum
1492 3641 1523 3738 (
1554 3642 1931 3740 Caesarem)
1969 3650 2229 3754 clivis-se
2244 3651 2509 3744 strunt
2544 3678 2566 3720 .·
2610 3677 2681 3722 se

539 3761 807 3857 quidem
854 3761 1088 3855 saepius
1135 3757 1218 3826 de
1262 3758 1545 3825 victoria
1588 3773 1917 3844 certasse,
1964 3782 2143 3826 nunc
2187 3782 2349 3828 vero
2400 3757 2484 3828 de
2524 3760 2678 3826 vita.

540 3873 665 3938 Ex
698 3869 1020 3961 Appiani
1053 3864 1165 3934 lib.
1211 3866 1332 3950 ΙΙ,
1379 3867 1458 3932 Β.
1505 3865 1574 3934 C.
1602 3888 1782 3958 pag.
1831 3859 2004 3958 493.

657 3971 949 4058 «Nihil,
997 3973 1244 4068 inquit,
1300 3971 1603 4038 miserius
1657 3971 2041 4070 quotidiano
2085 3970 2391 4064 praesidio
2442 3995 2455 4036 :
2515 3969 2684 4038 indi-

545 4084 722 4154 cium
763 4080 942 4146 enim
988 4092 1090 4146 est
1131 4102 1393 4170 semper
1428 4079 1799 4200 timentis.»
1765 4079 2253 4172 »Appckmus,
2290 4077 2402 4149 lib.
2450 4080 2567 4166 Il,
2606 4080 2683 4146 Β.

554 4192 624 4258 C
655 4209 831 4284 pag·
877 4181 1050 4280 496·
