3017 5042
592 471 741 555 440
1300 462 2016 535 DISSERTATIO

588 603 853 671 Avarici
898 596 1242 686 fecissent,
1286 624 1371 668 ne
1408 598 1794 669 mulieribus
1828 599 2094 692 quidem
2131 586 2330 693 atque
2371 600 2728 673 infantibus

589 708 1015 801 abstinerent.
1037 702 1428 791 Nonnullae,
1454 706 1540 775 de
1569 706 1786 774 muris
1816 730 1935 800 per
1961 729 2199 774 manus
2230 706 2564 795 demissae,
2591 734 2727 777 sese

588 812 903 883 militibus
952 812 1320 882 tradebant.
1356 843 1391 877 »
1440 813 1624 900 Quin
1674 813 1873 880 etiam
1915 826 1984 879 et
2031 814 2102 880 in
2159 810 2375 881 Alesia
2424 813 2728 885 mulieres

586 918 898 1006 aderant3
936 942 1093 987 nam
1130 933 1484 1014 postquam
1515 920 1946 1011 Critognatus
1991 916 2260 987 crudele
2303 917 2467 988 illud
2507 923 2728 991 consi-

586 1024 751 1094 lium
778 1026 860 1094 de
892 1025 1233 1095 inutilibus
1262 1024 1656 1121 corporibus
1687 1023 2104 1119 protulisset,
2131 1024 2476 1094 decretum
2505 1041 2638 1112 est,
2659 1042 2730 1095 ut

588 1132 811 1201 omnia
841 1132 1025 1227 prius
1056 1133 1520 1226 experirentur
1537 1184 1558 1217 .‚
1591 1154 1791 1225 quam
1828 1132 1896 1198 in
1932 1132 2308 1225 Critognati
2337 1135 2730 1202 sententiam

586 1240 777 1307 irent.
824 1239 982 1328 Quo
1018 1238 1269 1308 factum
1312 1252 1447 1323 est,
1490 1252 1568 1306 ut
1619 1239 1896 1331 quisque
1939 1234 2318 1306 valetudine
2371 1251 2491 1307 aut
2541 1253 2732 1309 aetate
2791 1284 2798 1293 ·

588 1343 839 1413 inutilis
891 1345 1258 1437 ejice-retur.
1316 1374 1351 1410 <t
1386 1336 1775 1430 Mandubii,
1823 1344 1937 1437 qui
1989 1368 2104 1413 eos
2134 1336 2463 1432 (caeteros
2506 1343 2734 1433 Gallos
2821 1336 2824 1339 ⁴

472 1532 477 1537 ¹
592 1443 890 1539 scilicet)
924 1448 1173 1546 oppido
1222 1464 1648 1545 receperant,
1687 1474 1842 1519 cum
1887 1447 2111 1517 liberis
2167 1464 2368 1543 atque
2415 1451 2732 1533 uxoribus

592 1557 773 1625 exire
798 1572 1149 1651 coguntur.
1178 1586 1213 1623 2)
1248 1556 1682 1625 Manifestum
1720 1553 1876 1622 inde
1913 1578 2181 1625 omnem
2211 1556 2479 1623 turbam
2515 1556 2734 1641 imbel-

590 1660 721 1731 lem
759 1662 957 1732 fuisse
992 1682 1270 1750 eorum,
1306 1664 1421 1757 qui
1452 1676 1608 1730 ante
1643 1658 1891 1729 bellum
1931 1662 2000 1728 in
2038 1660 2287 1756 oppido
2308 1661 2731 1752 habitabant,
2809 1656 2816 1663 ’

590 1783 790 1861 atque
832 1768 1119 1863 reliquos
1182 1782 1570 1863 receperant
1589 1820 1609 1855 ,
1656 1780 1734 1834 ut
1789 1764 2070 1835 Alesiam
2119 1766 2572 1837 defenderent.
2634 1769 2731 1839 Illi

592 1889 748 1943 sunt
785 1876 897 1969 qui
932 1900 1086 1945 cum
1131 1873 1355 1943 liberis
1394 1888 1463 1943 et
1496 1872 1826 1943 uxoribus
1873 1874 2054 1941 exire
2096 1888 2462 1967 coguntur,
2499 1874 2731 1971 reliqui

591 1978 807 2049 nullas
840 2006 1066 2051 secum
1106 1980 1536 2049 adduxerant.
1577 1979 1830 2049 Confer
1868 2004 2135 2074 quoque
2178 1980 2418 2049 Dionis
2441 1974 2728 2051 locuni:

590 2086 751 2167 Τοὺς
798 2087 1236 2181 ἀχρειοτάτους
1278 2090 1422 2166 τούς
1464 2112 1536 2153 τε
1573 2077 1804 2163 παῖδας
1844 2085 1946 2153 καὶ
1989 2085 2104 2165 τὰς
2145 2096 2466 2180 γυναῖκαςς
2513 2088 2727 2182 etjam

587 2192 752 2261 nihil
784 2193 970 2263 dubii
998 2195 1359 2287 supererit,
1397 2193 1562 2287 quin
1589 2191 1876 2278 inutiles,
1901 2192 1984 2261 de
2021 2192 2260 2288 quihus
2291 2194 2549 2287 agitur,
2591 2220 2728 2264 om-

589 2324 707 2367 nes
742 2299 977 2371 Alesiae
1020 2298 1338 2393 oppidani
1374 2300 1642 2367 fuerint.

696 2405 919 2475 Urbes
937 2404 1405 2499 antiquissimis
1430 2406 1844 2500 temporibus
1860 2407 1930 2475 in
1947 2405 2164 2477 Gallia
2181 2421 2536 2477 exstructae
2559 2422 2725 2478 sunt.

590 2510 831 2580 Strabo
873 2511 956 2580 de
988 2512 1304 2581 thesauro
1346 2511 1658 2607 delphico
1692 2527 1920 2583 narrat
1941 2568 1962 2601 ,
2007 2514 2123 2607 qui
2163 2538 2203 2581 a
2241 2516 2490 2581 Brenni
2535 2539 2728 2609 expe-

589 2619 842 2687 ditione
876 2618 961 2686 ad
986 2620 1317 2714 Caepionis
1342 2618 1705 2687 adventum
1733 2644 1973 2713 usque,
1995 2618 2254 2689 Tolosae
2282 2636 2586 2691 servatus
2615 2636 2726 2691 est.

586 2725 773 2793 Titus
828 2726 1059 2794 Livius
1110 2740 1179 2794 et
1225 2729 1263 2793 J
1266 2726 1523 2795 ustinus
1577 2750 1720 2794 rem
1785 2750 2050 2819 quoque
2109 2724 2493 2796 dilucidant.
2546 2730 2727 2797 Titus

589 2832 817 2900 Livius
874 2833 1086 2918 enim,
1148 2830 1257 2900 lib.
1302 2856 1385 2918 V,
1428 2826 1478 2917 S
1529 2828 1663 2918 34,
1707 2830 2128 2901 Bellovesum
2188 2847 2519 2902 memorat
2546 2889 2567 2922 ‚
2621 2836 2726 2929 qui

588 2950 910 3031 regnante
934 2939 1292 3031 Tarquinio
1318 2940 1546 3009 Prisco
1562 2991 1582 3026 ,
1613 2937 1940 3033 Bituriges
1955 2992 1974 3026 ,
2015 2944 2384 3027 Arvernos,
2406 2942 2726 3026 Senones,

589 3042 988 3130 AmbarroS‚
1012 3046 1341 3115 Carnutes
1359 3098 1379 3133 ‚
1408 3034 1745 3115 Aulercos⁸
1767 3046 2048 3131 excivit3
2087 3060 2158 3113 et
2199 3045 2542 3141 profectus
2581 3072 2726 3117 cum
2799 3076 2806 3083 ·

586 3148 967 3243 ingentibus
1011 3150 1313 3244 peditum
1332 3205 1353 3238 ,
1404 3153 1830 3246 equitumque
1876 3152 2084 3246 copiis
2109 3204 2129 3239 ,
2159 3151 2353 3221 simul
2403 3175 2482 3221 ac
2533 3152 2726 3249 Alpes

591 3256 1102 3325 transcend-isset
1121 3311 1141 3344 ,
1180 3257 1413 3325 urbem
1454 3258 1752 3328 condidit
1785 3256 2263 3329 Mediolanum.
2297 3261 2537 3353 Itaque
2573 3260 2728 3329 urbs

591 3361 753 3455 quid
784 3363 899 3448 sit,
923 3362 1061 3455 jam
1094 3376 1255 3433 tunc
1287 3366 1574 3460 tempori
1607 3362 1816 3435 Gallis
1847 3378 2084 3433 notum
2106 3418 2125 3451 ,
2152 3390 2370 3459 neque
2401 3364 2472 3433 id
2493 3390 2535 3433 a
2564 3368 2731 3435 Mas·

592 3467 963 3537 siliensihus
1010 3468 1317 3539 didicere.
1350 3474 1544 3540 Nam
1573 3476 1645 3539 in
1673 3470 2088 3541 Ίῗισαειίηιζς
2119 3488 2279 3540 erat
2303 3473 2722 3558 Bellovacis,

600 3604 635 3639 ιι
655 3600 865 3669 quum
900 3574 1174 3644 allatum
1202 3592 1323 3661 est,
1354 3577 1644 3645 advenas
1669 3592 2039 3672 quaerentes
2066 3602 2303 3691 agrum
2339 3580 2425 3647 ab
2461 3577 2727 3673 Salyum

588 3696 787 3775 gente
816 3684 1209 3776 oppugnari.
1248 3682 1690 3752 Massilienses
1718 3698 1918 3753 erant
1929 3684 2032 3768 hi,
2065 3671 2346 3753 navibus
2381 3708 2424 3752 a
2449 3685 2728 3754 Phocaea

586 3788 952 3881 profecti..
1066 3791 1259 3883 ,Ipsi
1304 3782 1549 3893 (Galli)
1581 3790 1702 3885 per
1728 3792 2055 3860 Taurinos
2081 3790 2463 3885 ,saltusque
2515 3792 2728 3861 invios

586 3892 787 3988 Alpes
832 3841 1385 3965 transcenderunt
1412 3922 1435 3984 ς
1470 3895 1762 3991 fusisque
1811 3898 1950 3967 acie
1989 3898 2220 3967 Tuscis
2264 3897 2447 3992 haud
2489 3896 2722 3991 procul

584 4001 813 4069 Ticino
852 4001 1154 4089 flumine,
1182 4028 1386 4097 quum
1410 4004 1533 4090 ,Tin
1570 4028 1704 4098 quo
1747 4003 2484 4099 consederant,'agrum
2533 4008 2723 4073 Insu-

582 4103 801 4177 brium
844 4107 1163 4203 appellari
1208 4110 1546 4179 audissent
1569 4164 1587 4197 ‚
1647 4112 2059 4205 cognomine.
2095 4104 2518 4180 insubribus
2555 4134 2728 4205 pago
