3017 5042
680 443 825 531 382
1219 449 1225 454 '
1561 442 1926 510 INDEX

790 575 1162 672 Capdenac
1211 573 1374 642 urbs'
1424 573 1712 668 regionis
1763 571 1954 642 dictae
2009 575 2074 642 le
2121 575 2394 667 Quercy
2407 628 2428 660 ,
2487 575 2668 668 jacet
2706 602 2808 646 su-

678 709 801 779 per
828 681 969 753 Olti
1004 682 1275 751 flumine
1310 679 1396 748 ad
1432 693 1772 773 septemtr.
1821 679 1888 748 et
1929 679 2126 748 distat
2159 680 2512 750 duodecim
2552 683 2810 752 circiter

678 789 881 860 leucis
918 813 961 858 a
992 802 1220 878 monte
1260 785 1439 876 dicto
1476 787 1544 855 le
1569 808 1730 882 puy
1749 782 2052 855 d'IssoIa
2065 839 2087 872 ,
2129 788 2408 880 parique
2440 787 2580 856 fere
2609 789 2806 858 inter-

678 895 855 966 vallo
896 919 937 964 a
980 895 1242 964 duobus
1285 892 1564 962 urbibus
1609 915 1812 986 supra
1853 892 2198 986 descriptis
2216 943 2234 976 ,
2277 895 2454 962 inter
2487 893 2624 964 duo
2659 896 2806 964 bra-

676 1003 829 1072 chia
860 1002 1183 1087 fluminis,
1202 998 1385 1094 quod
1419 999 1552 1067 hoe
1585 997 1736 1067 loco
1773 990 2086 1094 (dempta
2109 1013 2332 1068 tamen
2354 1000 2706 1095 peninsula
2726 1003 2804 1072 ad

675 1108 1017 1178 meridiem
1058 1131 1200 1177 sese
1238 1118 1391 1200 post
1428 1102 1962 1199 promontorium
1999 1105 2429 1194 extendente,
2472 1107 2588 1176 ubi
2625 1109 2804 1178 vicus

677 1229 893 1284 exstat
936 1215 1203 1282 nomine
1244 1215 1405 1297 Vic,
1454 1213 1524 1278 in
1565 1225 1796 1280 monte
1839 1212 2086 1305 pariter
2121 1204 2443 1307 positus),
2489 1212 2801 1308 angulum

677 1320 883 1392 efficit
920 1335 1223 1405 acuum,
1260 1317 1451 1411 cujus
1485 1317 1659 1406 basis
1691 1313 1790 1387 65
1833 1318 2106 1412 gradus,
2137 1318 2243 1387 vel
2281 1321 2576 1406 circiter,
2616 1321 2800 1390 exhi-

677 1427 829 1513 betr,
870 1441 940 1495 et
982 1429 1106 1496 sita
1150 1439 1251 1495 est
1292 1427 1363 1492 in
1402 1437 1632 1493 monte
1673 1422 1933 1492 excelso
1973 1449 2052 1494 ac
2095 1426 2648 1520 praeruptissimO,
2689 1427 2800 1496 ha-

676 1534 877 1602 bente
918 1531 1003 1604 ad
1048 1556 1237 1601 suam
1278 1531 1491 1600 basim
1539 1529 1624 1598 ab
1666 1553 1764 1598 or.
1801 1525 1889 1598 ad
1923 1555 2065 1600 occ.
2110 1523 2299 1600 DCL
2339 1526 2618 1622 metr-es,
2665 1549 2730 1602 et
2763 1561 2798 1603 a

676 1653 1013 1734 septemtr.
1050 1638 1136 1708 ad
1162 1637 1393 1709 merid.
1420 1636 1744 1706 DCLXX
1771 1631 2048 1722 metra,
2085 1635 2385 1731 planities
2410 1654 2633 1708 autem
2665 1640 2796 1733 ejus

675 1745 765 1815 ab
802 1770 899 1815 or.
942 1745 1029 1814 ad
1072 1769 1211 1814 occ.
1260 1745 1379 1813 CC
1416 1738 1660 1812 metm-5
1682 1796 1704 1829 ‚
1751 1765 1792 1810 a
1835 1749 2170 1838 septemtr.
2219 1743 2304 1812 ad
2349 1746 2582 1815 merid.
2627 1749 2796 1817 CCC

673 1847 917 1922 metr-es
929 1879 955 1938 ,·
998 1851 1332 1946 fastigium
1370 1865 1594 1918 autem
1629 1871 1830 1944 supra
1857 1849 2104 1918 flumen
2139 1849 2340 1919 offert
2376 1854 2641 1921 CXXX
2669 1849 2792 1922 mc}—

674 1976 831 2028 tms.
855 1958 1055 2027 Unde
1084 1956 1303 2052 colligi
1330 1971 1552 2051 potest
1571 1979 1774 2049 quam
1799 1969 2173 2050 praeruptus
2200 1957 2281 2026 sit
2307 1961 2554 2027 montis
2576 1983 2796 2028 ascen-

674 2091 820 2152 suS,
862 2087 1199 2159 quamque
1234 2061 1571 2157 profunda
1605 2062 1690 2130 sit
1733 2060 1922 2132 vallis
1970 2085 2172 2156 quam
2217 2061 2388 2132 Oltis
2425 2064 2654 2134 efficit.
2703 2069 2795 2134 Ex

672 2173 801 2242 hac
834 2173 1060 2243 tamen
1093 2169 1580 2264 topographica
1617 2167 2058 2263 descriptione
2077 2222 2096 2257 ,
2133 2183 2317 2264 patet
2342 2169 2580 2244 urbem
2624 2175 2797 2268 Cap-

670 2279 895 2346 denac
940 2301 1079 2344 non
1122 2277 1191 2344 in
1242 2273 1588 2368 peninsula
1645 2297 1785 2342 esse
1843 2276 2075 2364 sitam,
2122 2275 2238 2344 sed
2283 2278 2353 2344 in
2407 2291 2648 2346 centro
2687 2303 2796 2346 an-

672 2383 808 2480 guli
828 2437 847 2469 ,
890 2384 1003 2476 qui
1048 2379 1389 2476 cujusdam
1433 2381 1874 2475 promontorii
1905 2383 2189 2475 speciem
2223 2383 2504 2453 exhibet.
2546 2385 2655 2452 Ad
2697 2385 2794 2453 di-

672 2491 976 2559 stantiam
1022 2482 1392 2576 metrorum
1436 2489 1603 2572 DX,
1641 2488 1964 2582 Argesten
2007 2483 2492 2574 (nord-ouest)
2533 2515 2760 2560 versus
2777 2546 2795 2576 ‚

672 2611 771 2666 est
804 2620 999 2665 mons
1034 2593 1202 2682 alter
1232 2595 1499 2664 nomine
1534 2596 1644 2662 La
1669 2597 1909 2688 Reque
1937 2595 2023 2662 ab
2059 2595 2225 2664 urbe
2260 2594 2431 2663 valle
2466 2597 2794 2690 profunda

664 2717 1045 2797 separatus,
1076 2700 1163 2768 ad
1198 2699 1607 2794 recipiendas
1637 2701 1898 2769 Caninii
1930 2699 2220 2796 legiones
2255 2715 2483 2794 aptus3
2519 2703 2607 2772 ad
2643 2729 2790 2798 pro·

668 2810 983 2878 montorii
1040 2804 1445 2877 occidentale
1503 2805 1674 2876 latus
1737 2827 1935 2901 rupes
1995 2822 2138 2877 erat
2191 2808 2537 2878 hominum
2597 2833 2791 2878 manu

664 2917 917 3003 excisaq
945 2939 1091 3008 quae
1116 2913 1357 2982 excisio
1377 2913 1446 2980 in
1464 2912 1798 2982 veteribus
1815 2913 2062 2982 chartis
2084 2913 2577 3008 designabatur,
2594 2916 2788 2984 veluti

664 3021 857 3090 ‘limes
890 3045 1025 3114 quo
1064 3020 1224 3088 urbs
1260 3020 1716 3112 sejungeretur
1755 3041 1796 3086 a
1835 3020 2172 3090 territorio
2192 3073 2211 3107 ,
2251 3043 2530 3114 quaeque
2570 3023 2658 3090 ab
2699 3025 2787 3090 in·

662 3127 831 3198 colis
857 3126 1224 3198 vocabatur
1252 3127 1552 3196 Caesan‘s
1575 3125 1806 3213 fossa.
1837 3127 2128 3194 Demum
2169 3151 2306 3195 non
2331 3126 2528 3221 longe
2557 3129 2646 3196 ab
2671 3130 2785 3198 hac

667 3235 876 3319 fossa,
910 3232 1250 3303 meridiem
1286 3255 1548 3315 versus,
1575 3245 1839 3300 exstant
1862 3233 2137 3326 vestigia
2159 3233 2384 3328 magni
2415 3233 2618 3303 fontis
2637 3289 2658 3322 ,
2679 3237 2782 3328 qui

661 3339 937 3436 quidem
964 3340 1101 3432 jam
1132 3337 1327 3431 longe
1361 3337 1449 3404 ab
1481 3339 1608 3406 isto
1642 3350 1948 3432 tempore
1977 3327 2328 3409 derelictus
2360 3353 2520 3408 erat.
2559 3344 2662 3410 Ea
2693 3355 2782 3409 est

658 3447 1022 3539 descriptio
1060 3443 1228 3530 loci,
1272 3441 1535 3538 qualem
1577 3442 1845 3512 exhibet
1883 3443 2350 3515 celeberrimus
2393 3447 2501 3514 vir
2543 3448 2778 3516 Cham-

649 3555 923 3650 pollion
950 3553 1211 3645 Fzgreae
1245 3551 1313 3618 in
1345 3570 1548 3643 opere
1573 3549 1780 3618 citato
1809 3575 1874 3645 p.
1910 3548 2010 3619 66
2045 3567 2114 3622 et
2145 3575 2276 3646 seq.
2307 3554 2647 3624 Locorum
2673 3553 2776 3621 de-

674 3659 1032 3755 scriptione
1084 3656 1241 3725 data
1254 3709 1274 3742 ,
1324 3655 1407 3724 de
1460 3654 1876 3749 expeditione
1933 3660 2192 3738 romani
2247 3660 2573 3728 exercitus
2621 3661 2776 3728 inter

665 3767 1009 3836 ,Cadurcos
1043 3759 1361 3832 nonnulla
1398 3774 1554 3830 sunt
1589 3759 1946 3832 afferenda.

778 3870 851 3942 3ο
895 3871 1161 3964 Fugatis
1196 3893 1275 3937 ac
1309 3893 1520 3962 prope
1553 3865 1784 3938 deletis
1828 3866 2175 3938 Gallorum
2215 3870 2423 3964 copiis
2437 3924 2457 3956 ,
2502 3871 2588 3938 ad
2619 3895 2766 3963 pon-

662 3995 803 4048 tem
850 3977 1137 4070 aliquem
1184 3999 1383 4069 super
1417 3974 1641 4070 ugos-i
1688 3973 1958 4044 flumine
1999 3977 2286 4068 positum
2307 4029 2327 4061 ‚
2367 3978 2669 4070 Drappes
2709 3987 2766 4041 et

668 4085 1015 4161 Lucterius
1048 4083 1163 4182 qui
1206 4084 1558 4156 Dumnaco
1601 4103 1796 4174 opem
1829 4080 2150 4171 tulerant,
2185 4071 2267 4152 eit
2301 4082 2460 4176 fuga
2497 4107 2568 4151 se
2607 4105 2762 4150 rece·
