3017 5042
630 447 779 522 350
1168 487 1180 494 -
1523 447 1874 517 INDEX

732 585 1257 652 SAMAROBRIVA
1298 572 1412 668 (B.
1450 581 1536 647 G.
1575 577 1683 647 lib.
1715 602 1796 666 v,
1835 600 1978 672 cap.
2025 578 2159 663 24,
2187 573 2320 663 45,
2367 573 2451 648 51
2483 569 2530 667 ).
2575 576 2645 645 5⁰
2669 579 2780 648 lat.

630 688 707 760 0⁰
735 688 962 782 longit.
1003 685 1361 756 Ptolemaeo
1398 686 1604 769 item3
1651 685 1992 754 Antonino
2027 685 2550 780 Samarobrzga.
2596 687 2782 755 Urbs

629 809 832 890 caput
861 789 1342 864 Ambianorum
1360 847 1379 881 ‚
1414 792 1602 886 quasi
1645 794 1970 861 Samaroe
1997 815 2188 886 pons
2204 817 2232 877 ,-
2276 794 2628 861 Samarum
2662 817 2782 862 seu

626 905 903 970 Samara
942 899 1217 987 fluvius,
1254 924 1295 968 a
1334 899 1618 994 posteris
1657 897 1874 966 dictus
1906 900 2195 967 Stamina
2209 950 2232 984 ,
2280 897 2387 967 vel
2432 901 2775 987 Sumena,

628 1023 697 1078 et
725 1021 1045 1102 corrupta
1077 1005 1304 1100 lingua
1339 1008 1647 1076 Somona
1660 1056 1683 1090 ,
1718 1004 1792 1072 la
1820 1007 2126 1090 Somme,
2165 1017 2234 1072 et
2257 1003 2460 1099 brzlga
2476 1059 2496 1090 ,
2536 1005 2736 1076 b'n‘va
2753 1060 2774 1092 ,

626 1114 841 1202 brive,
883 1111 1258 1208 significans
1296 1110 1526 1205 lingua
1560 1109 1796 1180 celtica
1816 1134 2040 1206 pons,
2089 1134 2182 1179 un
2201 1127 2411 1205 pont,
2450 1113 2640 1206 quasi
2679 1111 2778 1180 di-

622 1236 888 1290 ceretur
927 1224 1347 1290 Pont-sur-
1363 1220 1655 1288 Somme.
1706 1216 1924 1285 Hodie
1970 1241 2218 1286 nomen
2250 1216 2482 1312 populi
2525 1218 2778 1314 recepit

623 1327 1079 1413 Ambianum‘,
1116 1328 1437 1411 Amtens,
1469 1315 1626 1419 de'p.
1659 1322 1748 1392 de
1782 1325 1857 1393 Za
1884 1326 2174 1394 Somme.
2211 1328 2374 1394 Haec
2405 1324 2658 1394 saeculis
2685 1350 2779 1394 re-

618 1433 1062 1520 centioribus,
1102 1433 1271 1500 sicut
1306 1433 1631 1525 scriptum
1673 1443 1776 1500 est
1801 1455 1840 1498 a
1875 1431 2246 1519 Roricone,
2279 1430 2405 1500 fuit
2433 1430 2776 1500 Clodionis

622 1554 691 1609 et
723 1541 1044 1609 Merovaei
1084 1542 1493 1607 Francorum
1538 1555 1774 1631 regum
1813 1536 2001 1607 sedes
2036 1537 2235 1632 regia.

731 1648 1107 1716 SAN‘ronns
1137 1636 1254 1733 (B.
1289 1647 1373 1714 G.
1409 1642 1522 1713 lib.
1555 1667 1614 1732 1,
1643 1667 1788 1738 cap.
1835 1667 1952 1732 10,
1995 1667 2021 1712 1
2048 1667 2075 1712 1
2105 1670 2124 1731 ;
2151 1643 2259 1712 lib.
2292 1668 2414 1730 111,
2445 1669 2592 1740 cap.
2635 1667 2661 1712 1
2685 1637 2769 1733 1).

622 1755 810 1822 Inter
848 1748 977 1838 450
1004 1765 1072 1820 et
1106 1749 1235 1836 460
1267 1749 1375 1820 lat.
1416 1750 1489 1820 2⁰
1517 1765 1606 1818 et·
1630 1747 1705 1820 3⁰
1726 1747 1772 1834 {-
1807 1775 1946 1819 occ.
1981 1749 2160 1845 long.
2195 1749 2420 1845 Vulgo
2461 1751 2535 1818 la
2567 1754 2770 1821 Sain-

621 1875 857 1954 tonge,
904 1883 1192 1952 quorum
1230 1856 1687 1926 Mediolanum
1720 1858 2088 1925 Santonum
2104 1911 2123 1944 ,
2151 1859 2447 1927 Saintes.
2481 1859 2631 1927 Hoc
2665 1881 2770 1926 au·

622 1981 759 2035 tem
795 1964 943 2034 loco
981 1958 1116 2055 (de
1143 1964 1293 2033 bell.
1331 1963 1479 2059 gall.
1514 1963 1554 2031 l.
1587 1987 1647 2050 1,
1676 1989 1731 2032 c.
1783 1955 1902 2051 10)
1935 1987 2178 2058 magna
2206 1962 2562 2032 difficultas
2600 1965 2769 2036 inest

621 2073 707 2141 de
736 2072 839 2140 his
872 2070 1277 2141 Santonibus
1308 2095 1322 2138 :
1368 2073 1447 2139 1⁰
1476 2072 1702 2139 Caesar
1739 2071 1830 2138 ait
1859 2095 1872 2137 :
1903 2075 2024 2164 qui
2066 2093 2206 2138 non
2240 2069 2444 2164 longe
2477 2095 2528 2139 a
2567 2073 2763 2140 Tolo-

618 2183 871 2247 satium
896 2177 1160 2272 finibus
1187 2175 1456 2246 absunt.
1496 2179 1708 2245 Porro
1743 2175 1992 2246 distant
2013 2175 2354 2245 Tolosates
2381 2201 2420 2244 a
2459 2178 2762 2247 Santoni-

620 2285 747 2354 bus
780 2283 962 2352 haud
996 2285 1219 2351 minus
1247 2282 1684 2377 quadraginta
1720 2281 1942 2352 leucis.
1981 2286 2067 2351 2⁰
2094 2281 2300 2353 Addit
2332 2283 2506 2352 idem
2534 2283 2762 2352 Helve-

620 2393 869 2460 tiorum
906 2389 1392 2485 expeditionem
1430 2388 1748 2458 adversus
1778 2391 2102 2458 Santones
2133 2414 2378 2484 magno
2408 2392 2758 2484 provinciae

616 2494 915 2592 periculo
951 2495 1277 2584 suturam,
1310 2497 1364 2564 si
1399 2497 1702 2565 homines
1729 2494 2076 2566 bellicosos
2109 2495 2340 2590 populi
2368 2498 2629 2565 romani
2655 2498 2757 2564 ini-

618 2604 831 2673 micos
851 2657 870 2691 ,
899 2601 1060 2672 locis
1092 2604 1475 2698 patentibus
1510 2605 1930 2696 maximeque
1967 2602 2413 2672 frumentariis
2413 2606 2756 2698 finitimos

620 2710 914 2778 haberet.
951 2707 1185 2776 Multae
1214 2723 1438 2778 autem
1472 2723 1666 2777 erant
1700 2711 2000 2778 civitates
2033 2712 2207 2779 inter
2244 2709 2405 2795 hos,
2431 2725 2498 2778 et
2523 2712 2754 2804 voxfi-

618 2821 893 2886 nitimos
908 2838 1013 2908 ap.
1036 2817 1368 2884 Caesarem
1389 2829 1532 2883 tum
1553 2816 1618 2883 h.
1651 2814 1695 2884 l.
1715 2829 1857 2884 tum
1883 2814 2041 2884 alib1
2060 2816 2465 2885 vicinitatem
2491 2816 2750 2885 indicat.

562 2981 591 2987 ,
625 2921 712 2994 3⁰
741 2921 1059 2990 Helvetiis
1100 2945 1223 3014 per
1256 2923 1667 3016 provinciam
1709 2923 1836 2990 iter
1874 2921 2094 2991 facere
2128 2919 2543 3011 volentibuS,
2581 2922 2752 3017 quod

532 3057 540 3068 ·
617 3029 889 3098 minime
930 3028 1374 3096 necessarium
1410 3041 1557 3096 erat
1587 3027 1673 3096 ad
1699 3030 2022 3097 Santones
2057 3028 2602 3123 procedentibus,
2637 3030 2750 3097 mi-

616 3137 797 3203 nime
824 3134 1105 3201 dubium
1133 3135 1296 3227 quin
1322 3159 1398 3202 ea
1430 3159 1620 3204 mens
1650 3133 1852 3203 fuerit
1879 3134 2164 3229 aliquam
2192 3137 2560 3205 Provinciae
2587 3137 2748 3204 Nar-

615 3240 928 3310 bonensis
991 3255 1249 3335 partem
1296 3265 1645 3334 occupare.
1689 3244 1777 3326 40
1802 3229 1854 3308 F
1856 3243 2160 3310 estinatio
2188 3243 2469 3312 Caesaris
2501 3241 2587 3310 ad
2609 3245 2749 3310 Pro-

614 3349 849 3416 vinciae
893 3345 1345 3415 defensionem
1394 3348 1763 3435 currentis3
1806 3347 1950 3416 haec
2003 3349 2228 3416 omnia
2273 3350 2428 3416 satis
2473 3349 2748 3416 innuunt

617 3453 779 3524 alios
815 3477 957 3522 esse
1001 3456 1327 3523 Santones
1364 3455 1644 3523 Caesaris
1663 3508 1680 3541 ‚
1719 3453 1883 3523 alios
1921 3455 2112 3523 nobis
2149 3467 2382 3542 notOS,
2427 3469 2626 3548 atque
2661 3455 2744 3522 si-

617 3563 754 3630 cuti
789 3560 1179 3630 Lemovices
1218 3559 1505 3628 vidimus
1543 3562 1612 3628 in
1642 3560 2035 3649 Armoricis,
2071 3561 2268 3630 Boios
2302 3562 2371 3627 in
2404 3560 2742 3654 Aquitania

615 3683 684 3736 et
718 3669 788 3735 in
824 3666 1193 3736 AEduorum
1241 3667 1509 3760 regione
1536 3719 1555 3754 ‚
1603 3668 1696 3734 ita
1741 3691 2006 3761 quoque
2047 3669 2371 3736 Santones
2418 3666 2525 3735 alii
2561 3679 2745 3736 erunt

606 3775 797 3868 juxta
816 3773 1147 3842 Tolosam.
1174 3776 1366 3841 Hanc
1392 3787 1691 3842 nostram
1721 3773 2123 3843 confirmant
2146 3773 2599 3868 conjecturam
2620 3773 2741 3841 duo

611 3881 998 3951 recentioris
1034 3881 1156 3948 aevi
1194 3880 1570 3974 scriptores.
1612 3884 1716 3947 Ita
1746 3883 1811 3948 Y
1808 3905 1919 3949 ves
1959 3880 2046 3949 de
2079 3881 2399 3952 Chat-tres
2412 3936 2435 3967 ,
2476 3881 2546 3948 in
2581 3876 2740 3948 bello

614 3986 953 4057 Clodovaei
988 3986 1305 4055 adversus
1331 3986 1752 4080 Visigothos:
1786 3987 2066 4082 Sz'bique
2092 3986 2359 4080 subegit
2392 3987 2734 4068 Tolosam,

614 4095 959 4163 Santones
975 4146 998 4178 ,
1043 4118 1311 4164 omnem
1350 4093 1829 4187 Aquitaniam.
1883 4097 1974 4163 Et
2016 4094 2164 4164 Ado
2205 4094 2602 4164 Viennensis
2619 4145 2639 4180 ‚
2676 4091 2736 4159 in
