3017 5042
791 481 1002 552 VEL
1051 478 1996 552 DISSERTATIONES.
2362 481 2443 553 51

329 639 504 686 nam
547 615 639 684 Et.
683 612 976 707 primum
1026 613 1087 682 ei
1139 613 1488 706 provincia.
1532 612 1859 684 servanda
1912 629 2056 682 erat
2105 629 2465 711 antequam

329 721 415 808 Q.
457 719 761 792 Kalenus
796 719 884 791 ad
914 718 1286 794 subsidium
1315 721 1585 792 Oetayii
1614 721 1919 806 venirem
1942 721 2179 790 deinde
2211 748 2463 817 paucos

329 827 599 920 quidem
637 826 928 898 babebat
965 823 1234 914 milites,
1267 825 1382 898 sed
1411 827 1705 920 optimos
1735 841 1803 896 et
1834 829 2426 901 exercitatissimos
2445 885 2464 920 ‚

329 947 683 1002 veteranos
719 934 996 1028 quippe,
1015 954 1134 1004 eos
1167 932 1450 1026 dentque
1479 933 1641 1026 qui,
1668 947 1739 1006 et
1776 933 2309 1027 magnitudinem
2336 963 2465 1006 na...

330 1041 528 1110 vium-
569 1053 641 1108 et
686 1039 1188 1112 multitudmem·
1225 1041 1524 1110 tirenum
1568 1038 1953 1109 festinanter
2001 1041 2157 1112 hinc
2202 1058 2271 1111 et
2312 1044 2464 1112 inde

331 1147 899 1240 conscriptorum,
920 1145 1110 1219 facile.
1127 1153 1559 1240 (compensare
1576 1161 1905 1240 poterant.
1922 1149 2018 1222 Et,
2031 1172 2139 1236 ea,
2154 1147 2224 1216 ni
2242 1148 2466 1237 fallor,

332 1251 460 1324 fuit
493 1254 744 1325 Vatinii
779 1253 1058 1339 fiducia,
1080 1251 1168 1324 de
1193 1275 1324 1346 qua
1363 1277 1577 1370 neque
1614 1255 1983 1341 Caesanne
1898 1277 2115 1348 neque
2140 1254 2307 1325 alius
2342 1281 2465 1351 pe·-

330 1360 497 1426 ritus
536 1373 772 1428 auctor
810 1360 1138 1430 tacuisset

303 1459 308 1466 ¹
439 1465 574 1532 Sed
611 1479 710 1553 et,
749 1479 824 1534 ut
860 1463 980 1532 alia
1030 1467 1365 1554 omittam,
1419 1468 1637 1559 capite
1688 1468 1985 1533 LXXIII
2032 1467 2231 1560 hujus
2273 1467 2468 1557 belli,

336 1573 563 1640 Caesar
610 1571 851 1640 dicitur
891 1573 1112 1640 locum
1157 1578 1418 1666 cepisse
1455 1577 1526 1639 in
1566 1596 1703 1664 quo
1748 1573 2190 1642 Mithridates
2234 1600 2467 1644 secun-

334 1678 498 1747 dum
520 1679 847 1772 praelium
890 1678 1213 1747 adversus
1257 1678 1903 1768 Triariumficerat.
1949 1682 2041 1746 At
2072 1680 2469 1774 praecedenti

338 1786 556 1879 capite
584 1837 604 1871 ‚
655 1784 941 1853 vidimus
995 1785 1205 1852 colles
1253 1788 1765 1878 circumpositos
1813 1785 2067 1879 oppido
2116 1777 2143 1873 (
2174 1785 2368 1856 Zielae
2404 1781 2472 1876 )‚

339 1915 630 1984 quorum
659 1890 1068 1960 edz‘ttlsst‘mm
1103 1915 1317 1976 unu-53
1347 1897 1471 1984 qul
1479 1904 1774 1984 propter
1805 1895 2167 1962 victoriam
2204 1893 2473 1965 Mithri-

339 1997 528 2066 datis
562 2011 637 2064 et
673 1996 1145 2084 anselli-itatem
1185 1999 1456 2082 Triarii,
1503 1996 2106 2089 detrimentumque
2141 2002 2477 2066 exercitus

340 2108 602 2188 nostri,
646 2117 750 2172 etc
757 2153 1027 2170 .........
1065 2106 1263 2171 Hunc
1295 2102 1517 2171 locum
1554 2100 1963 2189 PharnaceS,
1996 2105 2330 2172 veteribus
2361 2130 2475 2199 pa-

343 2223 690 2276 ternorum
726 2223 792 2276 et
829 2206 1120 2276 felicium
1165 2223 1534 2278 castrorum
1571 2208 1833 2277 refectis
1876 2209 2187 2302 operibus
2213 2264 2232 2296 ‚
2270 2212 2480 2304 copiis

345 2315 656 2383 omnibus
703 2316 834 2382 suis
885 2316 1256 2408 occupavit.
1300 2318 1527 2384 Potest
1582 2315 1783 2408 igitur
1823 2314 1987 2383 illud
2029 2319 2233 2409 quaeri
2256 2369 2275 2403 ‚
2306 2343 2478 2410 quo-

345 2420 549 2490 modo
583 2423 722 2490 sine
756 2419 980 2514 praelio
1015 2421 1355 2514 potuerint
1379 2420 1577 2489 ambo
1614 2421 1880 2490 eosdem
1918 2421 2097 2490 locos
2130 2446 2476 2516 occupare.

345 2527 552 2616 Quod
594 2542 816 2595 tamen
841 2524 1121 2594 libenter
1151 2526 1613 2620 explicandum
1660 2529 2077 2622 susceperim.
2112 2531 2478 2597 Secernen-

346 2633 470 2703 dus
505 2649 726 2703 autem
766 2647 866 2702 est
898 2631 1084 2728 lecus
1119 2632 1234 2700 ubi
1273 2632 1569 2725 praelium
1605 2635 2073 2725 committitur,
2112 2635 2197 2702 ab
2244 2659 2325 2702 eo
2368 2635 2483 2703 ubi

345 2742 674 2809 exercitus
711 2740 845 2809 duo
892 2752 1044 2806 ante
1088 2735 1382 2831 praelium
1428 2739 1881 2806 consederant.
1919 2741 1986 2806 Is
2020 2753 2195 2825 erat,
2238 2754 2312 2807 ut
2345 2740 2481 2833 ple-

349 2871 631 2940 rumque
675 2845 821 2914 fieri
865 2843 1066 2930 solet,
1113 2843 1298 2913 collis
1347 2843 1452 2912 vel
1499 2845 1744 2913 montis
1798 2842 2073 2936 alicujus
2121 2843 2478 2914 declivitas.

349 2955 561 3021 Porro
590 2953 682 3021 ibi
721 2965 912 3020 erant
940 2951 1147 3018 colles
1177 2955 1420 3044 magni
1442 2951 1768 3044 multique
1802 2955 2107 3019 interam
2135 2949 2437 3020 vallibus
2459 3005 2477 3037 ,

347 3083 638 3151 quorum
665 3081 870 3143 unus,
913 3074 985 3126 et
1021 3056 1292 3150 quidem
1323 3056 1730 3125 edith-umus
1772 3081 1811 3124 a
1848 3055 2237 3124 Mithridate
2271 3057 2487 3125 fuerat

353 3179 752 3258 occupatus3
807 3162 972 3231 alter
1021 3187 1214 3251 vero,
1265 3177 1340 3230 ut
1389 3163 1559 3231 ratio
1604 3162 1732 3231 loci
1774 3162 2064 3248 ferebat,
2117 3186 2157 3229 a
2207 3165 2484 3231 Triario,

277 3280 294 3290 “
351 3269 539 3338 Infra
574 3295 736 3340 vero
775 3267 1007 3356 colles,
1037 3270 1106 3336 in
1151 3267 1424 3337 vallibus
1461 3266 1759 3362 praelium
1796 3270 2223 3338 commissum
2262 3269 2388 3338 fuit
2421 3271 2488 3336 in

353 3401 488 3469 quo
524 3377 819 3445 Triarius
864 3389 932 3443 et
976 3376 1262 3442 Romani
1317 3376 1474 3442 victi
1516 3389 1689 3442 sunt.
1737 3372 2006 3467 Aliquot
2056 3388 2208 3467 post
2242 3397 2451 3444 annos
2473 3429 2491 3458 ‚

355 3483 592 3552 eodem
637 3483 1044 3551 conveniunt
1094 3480 1494 3552 decertaturi
1540 3480 1913 3549 Pharnaces
1958 3493 2024 3548 et
2072 3482 2313 3548 Caesar.
2365 3483 2493 3548 Par

358 3603 534 3672 erat,
571 3603 650 3656 ut
686 3588 1060 3656 Pharnaces
1091 3601 1368 3681 paterna
1411 3600 1627 3654 castra
1672 3600 1809 3654 tam
1849 3584 2060 3655 felicia
2102 3601 2493 3678 occuparet3

357 3692 654 3762 dissimili
691 3695 944 3762 ratione
972 3695 1194 3761 Caesar
1225 3706 1436 3761 castra
1467 3693 1745 3779 Triarii,
1772 3716 1907 3786 quo
1931 3689 2169 3759 milites
2194 3692 2333 3782 ejus
2356 3744 2375 3775 ‚
2396 3690 2491 3760 lo-

361 3819 598 3869 corum
633 3813 904 3892 aspectu
937 3812 1006 3866 et
1025 3799 1344 3866 memoria
1369 3797 1790 3884 calamitatis,
1820 3799 2034 3864 acrius
2079 3795 2163 3862 ad
2190 3820 2493 3889 pugnan-

362 3904 522 3974 dum
541 3907 976 3974 incitarentur
991 3929 1009 3991 ;
1027 3903 1178 3971 inde
1201 3927 1465 3997 quoque
1491 3903 1721 3971 iisdem
1744 3899 1815 3970 in
1834 3900 2113 3970 vallibus
2132 3917 2198 3970 et
2220 3901 2497 3972 collibus

363 4011 732 4083 secundum
771 4007 1069 4106 praelium
1105 4010 1535 4078 commissum
1570 4008 1709 4076 fuit.
1749 4011 1895 4077 Hoc
1934 4007 2133 4076 modo
2171 4007 2500 4078 dirimitur

2046 4130 2134 4216 42
