3017 5042
658 479 791 544 DE
848 459 1467 546 GALLIARUM
1525 479 1979 547 URBIBUS.
2235 483 2373 564 421

246 627 465 705 atque
502 609 808 698 oedeflcz‘a
844 610 1119 678 incendi
1148 625 1509 704 opportere
1526 664 1548 695 ,
1585 608 1686 679 Cl.
1726 613 2036 679 Dulaure
2066 613 2178 704 qui
2207 637 2357 682 erro
2373 653 2388 665 -

248 741 393 786 rem
438 740 665 785 errore
708 714 931 800 fulcit,
974 716 1172 784 docet
1212 716 1354 785 haec
1390 718 1612 785 omnia
1658 715 1910 811 oppida
1947 708 2212 804 (vacua
2259 721 2388 790 sci-

247 817 447 910 licet)
480 836 547 891 et
571 823 755 890 vicos
773 873 793 900 ,
822 835 890 890 et
910 823 1174 916 tuguria
1204 821 1329 890 sub
1357 821 1754 890 indicatione
1773 825 1908 890 XX
1934 823 2198 891 urbium
2226 825 2387 893 sub-

245 926 680 1026 intelligenda
703 951 865 996 esse.
883 929 947 995 O
974 929 1216 995 mirum
1240 923 1737 1022 argumentum!
1772 929 1941 1017 Quis
1965 944 2093 1015 est,
2118 932 2228 1023 qui
2253 955 2387 998 non

246 1033 575 1128 intelligat
595 1035 933 1128 superiore
962 1033 1383 1127 paragrapho
1396 1035 2042 1128 Vercingetorigem,
2072 1051 2146 1103 ut
2180 1035 2388 1106 Gallis

244 1141 507 1210 clarum
548 1139 805 1208 facinus
842 1138 1183 1225 suaderet,
1226 1137 1486 1232 singula
1538 1165 1959 1210 enumerasse
1988 1167 2134 1234 quae
2171 1157 2390 1210 essent

244 1245 737 1332 comburenda;
766 1248 987 1339 itaque
1018 1271 1198 1315 nunc
1230 1247 1415 1314 vicos
1444 1244 1887 1342 aedificiaque,
1924 1273 2101 1316 nunc
2139 1247 2384 1342 oppida

242 1353 378 1440 (vel
418 1345 653 1440 urbes)
689 1350 1133 1422 recensuisse?
1156 1354 1411 1421 Contra
1435 1344 1503 1419 in
1535 1347 1602 1436 §-
1652 1378 1673 1421 1
1699 1351 1740 1423 5
1759 1409 1778 1442 ,
1811 1357 2034 1422 Caesar
2065 1353 2385 1448 loquitur,

242 1485 369 1530 nec
381 1459 521 1552 jam
542 1459 1087 1553 Vercingetorix3
1109 1457 1192 1525 de
1222 1483 1295 1526 re
1318 1471 1586 1551 peracta
1613 1458 1706 1527 ibi
1737 1485 1956 1528 sermo
1993 1473 2126 1546 est,
2156 1485 2383 1554 quam-

244 1566 480 1634 obrem
508 1565 841 1658 praecipue
868 1565 1203 1632 memoriae
1229 1563 1514 1632 traditur
1533 1564 1910 1634 incendium
1943 1570 2075 1634 XX.
2097 1567 2386 1651 urbium,

244 1686 357 1754 ut,
394 1671 526 1766 hoc
562 1671 866 1764 cognit0,
900 1668 1109 1739 lector
1128 1671 1289 1764 ·ipse
1326 1685 1689 1764 supputare
1725 1673 1933 1766 possit
1957 1725 1975 1758 ,
2013 1687 2259 1766 quanta
2291 1675 2384 1740 vi-

240 1802 481 1848 corum
522 1776 1079 1869 aedificiorumque
1115 1777 1307 1869 copia
1342 1776 1572 1844 eadem
1614 1777 1719 1846 die
1755 1779 2089 1846 interierit.

349 1887 673 1952 Praeterea
710 1881 1123 1951 adversarius
1172 1896 1399 1950 noster
1447 1882 1711 1952 videtur
1760 1881 1990 1953 Galliae
2032 1886 2382 1978 pristinum

240 2005 491 2060 statum
528 2015 663 2058 non
706 1990 861 2058 satis
898 1989 1293 2082 respexisse,
1324 2013 1528 2080 quum
1561 1989 1739 2058 dicat
1771 1991 1840 2056 in
1878 1991 2252 2084 Biturigum
2285 1991 2382 2058 di-

239 2099 458 2184 tione,
506 2120 881 2190 nunquam,
943 2119 1027 2162 ne
1080 2097 1544 2190 prosperrimis
1603 2095 1870 2189 quidem
1929 2096 2340 2189 temporibus
2363 2151 2382 2180 ,

238 2217 503 2272 tantum
530 2202 797 2272 urbium
816 2224 1170 2270 numerum
1210 2202 1563 2287 exstitisse3
1589 2201 1770 2294 quod
1799 2203 1850 2270 si
1879 2201 2170 2289 fecisset,
2198 2218 2382 2272 certo

236 2308 331 2404 illi
373 2333 512 2377 non
554 2307 945 2377 excidissent
979 2309 1343 2374 innumerae
1388 2310 1681 2401 gentium
1729 2309 2152 2402 migrationes
2173 2360 2192 2392 ,
2229 2310 2382 2379 inde

239 2415 579 2510 profectae.
632 2415 913 2482 Constat
962 2427 1277 2507 praeterea
1318 2437 1411 2498 ⁴ex
1442 2412 1788 2483 Strabonis
1830 2412 1999 2483 libro
2039 2417 2162 2501 IV,
2198 2414 2381 2484 nullo

238 2538 547 2614 tempore
585 2522 925 2614 regionem
960 2544 995 2586 a
1044 2519 1369 2588 Gebenno
1414 2533 1640 2588 monte
1677 2521 1762 2587 ad
1801 2523 2145 2599 Oceanum
2186 2520 2383 2590 fuisse

236 2628 485 2724 opibus
514 2625 840 2696 ditiorem.
874 2610 933 2692 fl
967 2617 1027 2690 δ’
1060 2623 1223 2698 ἄλλη
1256 2630 1445 2694 πᾶσα·
1466 2625 1636 2712 σίτον
1665 2629 1826 2720 φέρει
1855 2631 2046 2694 πολὺν
2065 2677 2083 2708 ,
2115 2625 2216 2692 καὶ
2247 2631 2382 2722 κέγ.

236 2760 387 2829 χρον
412 2733 519 2802 καὶ
540 2733 803 2819 βάλανον
823 2731 925 2799 καὶ
952 2735 1325 2825 βοσκήματα
1352 2739 1638 2801 παντοῖα·
1669 2733 1858 2827 ἀργὸν
1879 2724 1943 2798 δ’
1965 2736 2155 2810 αὐτῆς
2179 2725 2378 2816 οὐδὲν,

236 2845 402 2916 πλὴν
436 2838 579 2908 εἴτι
617 2841 781 2906 ἕλεσι
817 2842 1157 2930 κεκώλυται
1194 2839 1296 2905 καὶ
1335 2831 1611 2931 δρυμοῖς·
1645 2838 1847 2906 καίτοι
1881 2837 1982 2906 καὶ
2017 2849 2204 2907 τοῦτο
2245 2865 2380 2906 συν-

238 2954 500 3016 οικεῖται
556 2944 1028 3038 πολυανθρωπίᾳ
1068 2951 1300 3037 μᾶλλον
1340 2944 1375 3018 ἢ
1412 2944 1744 3037 ἐπιμελείᾳ.
1787 2945 1915 3011 Καὶ
1957 2941 2072 3038 γὰρ
2119 2937 2378 3026 τοκάδες

239 3056 305 3122 αἱ
326 3059 639 3148 γυναῖκες,
668 3051 770 3119 καὶ
802 3053 1035 3144 τρέφειν
1074 3051 1319 3144 ἀγαθαί.
1359 3055 1550 3119 Patet
1578 3052 1779 3146 igitur
1809 3051 2088 3144 majores
2119 3067 2381 3122 nostros

238 3158 528 3230 fertilem
564 3173 809 3227 terram
852 3157 1361 3252 hominibusque
1397 3157 1809 3252 frequentem
1836 3156 2199 3241 habitasse,
2244 3185 2379 3226 non

238 3264 667 3336 solitudinem
686 3317 705 3350 ,
727 3279 802 3332 ut
832 3265 1030 3332 etiam
1050 3277 1328 3332 testatur
1348 3263 1744 3332 Plutarchus
1762 3265 1832 3331 in
1852 3265 2142 3350 Caesare,
2164 3256 2276 3346 §.1
2301 3263 2340 3334 5
2364 3291 2376 3332 :

212 3355 377 3465 slittra
410 3363 553 3439 οὐδὲ
590 3363 739 3438 δέκα
771 3373 1123 3462 πολεμήσας
1144 3370 1279 3462 περὶ
1308 3369 1620 3438 Γαλατίαν
1645 3372 1854 3448 πόλεις
1877 3366 1986 3462 μὲν
2018 3373 2165 3462 ὑπὲρ
2199 3376 2383 3438 ὀκτα-

237 3478 455 3564 κοσίας
488 3475 653 3545 κατὰ
684 3477 907 3569 κράτος
943 3474 1114 3543 εἷλεν·
1154 3477 1289 3550 ἔθνη
1326 3469 1385 3542 δ’
1426 3479 1795 3571 ἐχειρώσατο
1842 3477 2178 3568 τριακόσια.
2235 3479 2377 3543 Μυ-

160 3665 173 3676 ⁸
242 3585 409 3678 ριοίσι
438 3575 508 3652 δὲ
538 3576 1045 3677 παραταξάμενος
1083 3581 1247 3648 κατὰ
1280 3585 1455 3675 μέρος
1488 3583 1897 3676 τριακοσίαις,
1927 3584 2146 3649 ἑκατὸν
2177 3583 2282 3673 μὲν
2318 3587 2377 3649 ἐν

240 3691 416 3784 χερσὶ
450 3682 809 3782 διέφθειρεν,
840 3686 1033 3765 ἄλλας
1064 3680 1135 3754 δὲ
1172 3682 1479 3766 τοσαύτας
1513 3683 1866 3783 ἐζώγρησεν.
1893 3687 2208 3756 ΡΡοῖοοῐσ
2229 3691 2281 3757 si
2309 3691 2377 3756 in

242 3785 465 3868 Gallia
500 3796 893 3889 octingentae
940 3793 1137 3862 urbes
1174 3807 1384 3887 captae
1426 3809 1898 3877 numerantur,
1937 3793 2098 3862 nihil
2136 3797 2376 3862 mirum

174 3961 185 3972 .
242 3902 649 3997 Biturigibus
682 3902 883 3970 fuisse
928 3899 1210 3993 amplius
1246 3903 1397 3968 XX.
1441 3902 1808 3968 Praesertim
1851 3925 2056 3992 quum
2085 3900 2407 3988 'Plinius-,f

245 4023 599 4104 postquam
638 4010 705 4076 in
746 4007 1185 4101 descriptione
1228 4008 1618 4099 provinciae,
1655 4007 1852 4074 urbes
1892 4009 1959 4073 in
1989 4006 2378 4076 mediterra-

246 4141 377 4186 neo
427 4114 699 4184 coloniae
753 4116 904 4182 sitas
976 4113 1302 4182 recensuit
1350 4111 1742 4206 permultas,
1787 4111 1928 4180 haec
1977 4114 2372 4205 subjecerit-z

2027 4231 2050 4268 3

1912 4269 2002 4336 27
