<?xml version="1.0" encoding="UTF-8"?>
<!DOCTYPE html PUBLIC "-//W3C//DTD XHTML 1.0 Transitional//EN"
    "http://www.w3.org/TR/xhtml1/DTD/xhtml1-transitional.dtd">
<html xmlns="http://www.w3.org/1999/xhtml" xml:lang="en" lang="en">
 <head>
  <title>
</title>
<meta http-equiv="Content-Type" content="text/html;charset=utf-8" />
  <meta name='ocr-system' content='tesseract 3.04.00' />
  <meta name='ocr-capabilities' content='ocr_page ocr_carea ocr_par ocr_line ocrx_word'/>
</head>
<body>
  <div class='ocr_page' id='page_1' title='image "./caiusjuliuscsar01unkngoog/caiusjuliuscsar01unkngoog_0088.png"; bbox 0 0 3017 5042; ppageno 0'>
   <div class='ocr_carea' id='block_1_1' title="bbox 77 1506 92 2422">
    <p class='ocr_par' dir='ltr' id='par_1_1' title="bbox 77 1506 92 2422">
     <span class='ocr_line' id='line_1_1' title="bbox 77 1506 92 2422; baseline 0 0"><span class='ocrx_word' id='word_1_1' title='bbox 77 1506 92 2422; x_wconf 95' lang='lat' dir='ltr'><strong> </strong></span> 
     </span>
    </p>
   </div>
   <div class='ocr_carea' id='block_1_2' title="bbox 756 467 2430 570">
    <p class='ocr_par' dir='ltr' id='par_1_2' title="bbox 756 467 2430 570">
     <span class='ocr_line' id='line_1_2' title="bbox 756 467 2430 570; baseline 0.006 -36"><span class='ocrx_word' id='word_1_2' title='bbox 756 467 963 535; x_wconf 91' lang='lat' dir='ltr'><strong>VEL</strong></span> <span class='ocrx_word' id='word_1_3' title='bbox 1014 467 1955 540; x_wconf 85' lang='lat' dir='ltr'><strong>DISSERTATIONES.</strong></span> <span class='ocrx_word' id='word_1_4' title='bbox 2335 471 2430 570; x_wconf 84' lang='lat'><strong>75</strong></span> 
     </span>
    </p>
   </div>
   <div class='ocr_carea' id='block_1_3' title="bbox 1332 610 1518 632">
    <p class='ocr_par' dir='ltr' id='par_1_3' title="bbox 1332 610 1518 632">
     <span class='ocr_line' id='line_1_3' title="bbox 1332 610 1518 632; baseline 0.011 -2"><span class='ocrx_word' id='word_1_5' title='bbox 1332 610 1518 632; x_wconf 53' lang='lat' dir='ltr'><strong>§uw-</strong></span> 
     </span>
    </p>
   </div>
   <div class='ocr_carea' id='block_1_4' title="bbox 1521 611 1986 636">
    <p class='ocr_par' dir='ltr' id='par_1_4' title="bbox 1521 611 1986 636">
     <span class='ocr_line' id='line_1_4' title="bbox 1521 611 1986 636; baseline 0 4406"><span class='ocrx_word' id='word_1_6' title='bbox 1521 611 1986 636; x_wconf 95' lang='lat' dir='ltr'><strong> </strong></span> 
     </span>
    </p>
   </div>
   <div class='ocr_carea' id='block_1_5' title="bbox 1987 615 2424 640">
    <p class='ocr_par' dir='ltr' id='par_1_5' title="bbox 1987 615 2424 640">
     <span class='ocr_line' id='line_1_5' title="bbox 1987 615 2424 640; baseline 0.007 -5"><span class='ocrx_word' id='word_1_7' title='bbox 1987 615 2424 640; x_wconf 63' lang='lat' dir='ltr'><strong>mmm</strong></span> 
     </span>
    </p>
   </div>
   <div class='ocr_carea' id='block_1_6' title="bbox 628 777 2103 868">
    <p class='ocr_par' dir='ltr' id='par_1_6' title="bbox 628 777 2103 868">
     <span class='ocr_line' id='line_1_6' title="bbox 628 777 2103 868; baseline 0.001 -3"><span class='ocrx_word' id='word_1_8' title='bbox 628 777 1862 868; x_wconf 86' lang='lat' dir='ltr'><strong>SUPPLEMENTUM</strong></span> <span class='ocrx_word' id='word_1_9' title='bbox 1930 781 2103 867; x_wconf 96' lang='lat' dir='ltr'><strong>III</strong></span> 
     </span>
    </p>
   </div>
   <div class='ocr_carea' id='block_1_7' title="bbox 318 994 2432 1169">
    <p class='ocr_par' dir='ltr' id='par_1_7' title="bbox 318 994 2432 1169">
     <span class='ocr_line' id='line_1_7' title="bbox 318 994 2432 1065; baseline 0.006 -25"><span class='ocrx_word' id='word_1_10' title='bbox 318 994 413 1042; x_wconf 72' lang='lat' dir='ltr'><strong>An</strong></span> <span class='ocrx_word' id='word_1_11' title='bbox 464 996 795 1046; x_wconf 73' lang='lat' dir='ltr'><strong>BELLUM</strong></span> <span class='ocrx_word' id='word_1_12' title='bbox 848 995 1387 1064; x_wconf 57' lang='lat' dir='ltr'><strong>armenum,</strong></span> <span class='ocrx_word' id='word_1_13' title='bbox 1440 997 1614 1046; x_wconf 67' lang='lat' dir='ltr'><strong>cn».</strong></span> <span class='ocrx_word' id='word_1_14' title='bbox 1671 999 2049 1065; x_wconf 77' lang='lat' dir='ltr'><strong>xli-xvn3</strong></span> <span class='ocrx_word' id='word_1_15' title='bbox 2103 1001 2432 1052; x_wconf 63' lang='lat' dir='ltr'><strong>nosram</strong></span> 
     </span>
     <span class='ocr_line' id='line_1_8' title="bbox 724 1079 2008 1169; baseline 0.003 -22"><span class='ocrx_word' id='word_1_16' title='bbox 724 1102 1157 1150; x_wconf 73' lang='lat' dir='ltr'><strong>anoms</strong></span> <span class='ocrx_word' id='word_1_17' title='bbox 1211 1104 1272 1148; x_wconf 79' lang='lat' dir='ltr'><strong>T.</strong></span> <span class='ocrx_word' id='word_1_18' title='bbox 1331 1104 1440 1167; x_wconf 91' lang='lat'><strong>11,</strong></span> <span class='ocrx_word' id='word_1_19' title='bbox 1492 1105 1556 1150; x_wconf 78' lang='lat' dir='ltr'><strong>P.</strong></span> <span class='ocrx_word' id='word_1_20' title='bbox 1616 1079 2008 1169; x_wconf 70' lang='lat'><strong>438-442.</strong></span> 
     </span>
    </p>
   </div>
   <div class='ocr_carea' id='block_1_8' title="bbox 880 1287 1327 1318">
    <p class='ocr_par' dir='ltr' id='par_1_8' title="bbox 880 1287 1327 1318">
     <span class='ocr_line' id='line_1_9' title="bbox 880 1287 1327 1318; baseline 0 3724"><span class='ocrx_word' id='word_1_21' title='bbox 880 1287 1327 1318; x_wconf 95' lang='lat' dir='ltr'><strong> </strong></span> 
     </span>
    </p>
   </div>
   <div class='ocr_carea' id='block_1_9' title="bbox 667 1281 2062 1545">
    <p class='ocr_par' dir='ltr' id='par_1_9' title="bbox 667 1281 2062 1545">
     <span class='ocr_line' id='line_1_10' title="bbox 1328 1281 1890 1320; baseline -0.012 0"><span class='ocrx_word' id='word_1_22' title='bbox 1328 1281 1860 1320; x_wconf 37' lang='grc' dir='ltr'><strong>σωκ-</strong></span> <span class='ocrx_word' id='word_1_23' title='bbox 1875 1304 1890 1313; x_wconf 93' lang='grc'><strong>.</strong></span> 
     </span>
     <span class='ocr_line' id='line_1_11' title="bbox 667 1446 2062 1545; baseline 0.004 -31"><span class='ocrx_word' id='word_1_24' title='bbox 667 1447 923 1540; x_wconf 74' lang='lat' dir='ltr'><strong>Pugna</strong></span> <span class='ocrx_word' id='word_1_25' title='bbox 960 1446 1159 1542; x_wconf 77' lang='lat' dir='ltr'><strong>apud</strong></span> <span class='ocrx_word' id='word_1_26' title='bbox 1189 1450 1566 1542; x_wconf 81' lang='lat' dir='ltr'><em>Ruspinam</em></span> <span class='ocrx_word' id='word_1_27' title='bbox 1582 1501 1603 1533; x_wconf 92' lang='lat'><strong><em>,</em></strong></span> <span class='ocrx_word' id='word_1_28' title='bbox 1640 1473 1760 1517; x_wconf 80' lang='lat' dir='ltr'><strong>seu</strong></span> <span class='ocrx_word' id='word_1_29' title='bbox 1799 1450 2062 1545; x_wconf 81' lang='lat' dir='ltr'><strong>Leptin.-</strong></span> 
     </span>
    </p>
   </div>
   <div class='ocr_carea' id='block_1_10' title="bbox 310 1595 2511 4180">
    <p class='ocr_par' dir='ltr' id='par_1_10' title="bbox 310 1595 2511 4180">
     <span class='ocr_line' id='line_1_12' title="bbox 314 1595 2435 1737; baseline 0.002 -25"><span class='ocrx_word' id='word_1_30' title='bbox 314 1595 885 1714; x_wconf 73' lang='lat' dir='ltr'><strong>Pnomlslmus</strong></span> <span class='ocrx_word' id='word_1_31' title='bbox 916 1665 1107 1737; x_wconf 84' lang='lat' dir='ltr'><strong>capp.</strong></span> <span class='ocrx_word' id='word_1_32' title='bbox 1141 1644 1309 1729; x_wconf 86' lang='lat' dir='ltr'>XII,</span> <span class='ocrx_word' id='word_1_33' title='bbox 1340 1657 1478 1714; x_wconf 88' lang='lat' dir='ltr'><strong>not.</strong></span> <span class='ocrx_word' id='word_1_34' title='bbox 1523 1667 1562 1712; x_wconf 78' lang='lat'><em>2</em></span> <span class='ocrx_word' id='word_1_35' title='bbox 1587 1695 1606 1730; x_wconf 91' lang='lat'><strong><em>‚</em></strong></span> <span class='ocrx_word' id='word_1_36' title='bbox 1633 1658 1702 1711; x_wconf 92' lang='lat' dir='ltr'><strong>et</strong></span> <span class='ocrx_word' id='word_1_37' title='bbox 1734 1645 1978 1731; x_wconf 85' lang='lat' dir='ltr'><strong>XVII,</strong></span> <span class='ocrx_word' id='word_1_38' title='bbox 2018 1658 2156 1722; x_wconf 88' lang='lat' dir='ltr'><strong>not.</strong></span> <span class='ocrx_word' id='word_1_39' title='bbox 2208 1669 2274 1732; x_wconf 90' lang='lat'><strong>1,</strong></span> <span class='ocrx_word' id='word_1_40' title='bbox 2313 1671 2435 1716; x_wconf 86' lang='lat' dir='ltr'><strong>nos</strong></span> 
     </span>
     <span class='ocr_line' id='line_1_13' title="bbox 310 1748 2434 1845; baseline 0.002 -29"><span class='ocrx_word' id='word_1_41' title='bbox 310 1748 689 1845; x_wconf 79' lang='lat' dir='ltr'><strong>ampliorem</strong></span> <span class='ocrx_word' id='word_1_42' title='bbox 718 1748 917 1842; x_wconf 85' lang='lat' dir='ltr'><strong>hujus</strong></span> <span class='ocrx_word' id='word_1_43' title='bbox 943 1772 1185 1843; x_wconf 74' lang='lat' dir='ltr'><strong>pugnae</strong></span> <span class='ocrx_word' id='word_1_44' title='bbox 1218 1748 1727 1844; x_wconf 79' lang='lat' dir='ltr'>descriptionem</span> <span class='ocrx_word' id='word_1_45' title='bbox 1763 1749 2078 1838; x_wconf 77' lang='lat' dir='ltr'><strong>daturos3</strong></span> <span class='ocrx_word' id='word_1_46' title='bbox 2118 1765 2189 1820; x_wconf 85' lang='lat' dir='ltr'><strong>at</strong></span> <span class='ocrx_word' id='word_1_47' title='bbox 2222 1753 2434 1822; x_wconf 90' lang='lat' dir='ltr'><strong>consi-</strong></span> 
     </span>
     <span class='ocr_line' id='line_1_14' title="bbox 311 1853 2508 1950; baseline 0.002 -28"><span class='ocrx_word' id='word_1_48' title='bbox 311 1854 685 1925; x_wconf 81' lang='lat' dir='ltr'><strong>derantibus</strong></span> <span class='ocrx_word' id='word_1_49' title='bbox 720 1853 911 1923; x_wconf 80' lang='lat' dir='ltr'><strong>nobis</strong></span> <span class='ocrx_word' id='word_1_50' title='bbox 936 1856 1151 1923; x_wconf 82' lang='lat' dir='ltr'><strong>visum</strong></span> <span class='ocrx_word' id='word_1_51' title='bbox 1179 1869 1280 1924; x_wconf 87' lang='lat' dir='ltr'><strong>est</strong></span> <span class='ocrx_word' id='word_1_52' title='bbox 1318 1853 1570 1922; x_wconf 71' lang='lat' dir='ltr'><strong>nuliam</strong></span> <span class='ocrx_word' id='word_1_53' title='bbox 1605 1856 1930 1949; x_wconf 79' lang='lat' dir='ltr'><strong>aptiorem</strong></span> <span class='ocrx_word' id='word_1_54' title='bbox 1959 1855 2104 1925; x_wconf 86' lang='lat' dir='ltr'><strong>fore</strong></span> <span class='ocrx_word' id='word_1_55' title='bbox 2141 1872 2296 1950; x_wconf 89' lang='lat' dir='ltr'><strong>post</strong></span> <span class='ocrx_word' id='word_1_56' title='bbox 2334 1856 2434 1926; x_wconf 88' lang='lat' dir='ltr'><strong>lu·</strong></span> <span class='ocrx_word' id='word_1_57' title='bbox 2499 1881 2508 1890; x_wconf 90' lang='lat'><strong>·</strong></span> 
     </span>
     <span class='ocr_line' id='line_1_15' title="bbox 312 1955 2435 2059; baseline 0 -30"><span class='ocrx_word' id='word_1_58' title='bbox 312 1959 822 2031; x_wconf 77' lang='lat' dir='ltr'><strong>calentissimam</strong></span> <span class='ocrx_word' id='word_1_59' title='bbox 878 1976 1105 2030; x_wconf 84' lang='lat' dir='ltr'><strong>notam</strong></span> <span class='ocrx_word' id='word_1_60' title='bbox 1150 1959 1569 2030; x_wconf 81' lang='lat' dir='ltr'><strong>eruditissimi</strong></span> <span class='ocrx_word' id='word_1_61' title='bbox 1631 1965 1887 2059; x_wconf 67' lang='lat' dir='ltr'><strong>Tur-pin</strong></span> <span class='ocrx_word' id='word_1_62' title='bbox 1937 1960 2026 2030; x_wconf 82' lang='lat' dir='ltr'><strong>de</strong></span> <span class='ocrx_word' id='word_1_63' title='bbox 2087 1955 2310 2033; x_wconf 62' lang='lat' dir='ltr'><strong>Cris-se&#39;</strong></span> <span class='ocrx_word' id='word_1_64' title='bbox 2363 1963 2435 2030; x_wconf 85' lang='lat' dir='ltr'><strong>in</strong></span> 
     </span>
     <span class='ocr_line' id='line_1_16' title="bbox 313 2063 2466 2162; baseline 0.001 -28"><span class='ocrx_word' id='word_1_65' title='bbox 313 2083 533 2137; x_wconf 79' lang='lat' dir='ltr'><strong>nostro</strong></span> <span class='ocrx_word' id='word_1_66' title='bbox 568 2067 866 2136; x_wconf 85' lang='lat' dir='ltr'><strong>secundo</strong></span> <span class='ocrx_word' id='word_1_67' title='bbox 887 2065 1019 2138; x_wconf 80' lang='lat' dir='ltr'><strong>vol.</strong></span> <span class='ocrx_word' id='word_1_68' title='bbox 1052 2092 1117 2161; x_wconf 86' lang='lat' dir='ltr'><strong>p.</strong></span> <span class='ocrx_word' id='word_1_69' title='bbox 1148 2063 1247 2138; x_wconf 75' lang='lat'><strong>52</strong></span> <span class='ocrx_word' id='word_1_70' title='bbox 1267 2092 1293 2136; x_wconf 87' lang='lat'>1</span> <span class='ocrx_word' id='word_1_71' title='bbox 1321 2121 1341 2155; x_wconf 88' lang='lat'>‚</span> <span class='ocrx_word' id='word_1_72' title='bbox 1374 2067 1459 2136; x_wconf 85' lang='lat' dir='ltr'><strong>ad</strong></span> <span class='ocrx_word' id='word_1_73' title='bbox 1487 2066 1737 2136; x_wconf 81' lang='lat' dir='ltr'><strong>calcem</strong></span> <span class='ocrx_word' id='word_1_74' title='bbox 1771 2069 1844 2136; x_wconf 92' lang='grc' dir='ltr'><strong>Β.</strong></span> <span class='ocrx_word' id='word_1_75' title='bbox 1871 2066 2009 2136; x_wconf 78' lang='lat' dir='ltr'><strong>Afr.</strong></span> <span class='ocrx_word' id='word_1_76' title='bbox 2039 2068 2432 2162; x_wconf 81' lang='lat' dir='ltr'><strong>subjectam,</strong></span> <span class='ocrx_word' id='word_1_77' title='bbox 2463 2097 2466 2100; x_wconf 48' lang='lat'><strong>⁴</strong></span> 
     </span>
     <span class='ocr_line' id='line_1_17' title="bbox 312 2173 2434 2269; baseline 0 -27"><span class='ocrx_word' id='word_1_78' title='bbox 312 2195 503 2268; x_wconf 71' lang='lat' dir='ltr'><strong>qnam</strong></span> <span class='ocrx_word' id='word_1_79' title='bbox 560 2173 777 2268; x_wconf 83' lang='lat' dir='ltr'>ipsam</span> <span class='ocrx_word' id='word_1_80' title='bbox 801 2225 821 2260; x_wconf 90' lang='lat'>‚</span> <span class='ocrx_word' id='word_1_81' title='bbox 868 2197 1005 2242; x_wconf 85' lang='lat' dir='ltr'><strong>non</strong></span> <span class='ocrx_word' id='word_1_82' title='bbox 1051 2175 1309 2243; x_wconf 73' lang='lat' dir='ltr'><strong>minore</strong></span> <span class='ocrx_word' id='word_1_83' title='bbox 1361 2174 1938 2243; x_wconf 79' lang='lat' dir='ltr'><strong>commendatione</strong></span> <span class='ocrx_word' id='word_1_84' title='bbox 1989 2174 2260 2269; x_wconf 81' lang='lat' dir='ltr'><strong>diguam</strong></span> <span class='ocrx_word' id='word_1_85' title='bbox 2304 2176 2434 2242; x_wconf 84' lang='lat' dir='ltr'><strong>viri</strong></span> 
     </span>
     <span class='ocr_line' id='line_1_18' title="bbox 312 2278 2436 2375; baseline 0 -27"><span class='ocrx_word' id='word_1_86' title='bbox 312 2279 463 2349; x_wconf 85' lang='lat' dir='ltr'><strong>clari</strong></span> <span class='ocrx_word' id='word_1_87' title='bbox 486 2279 915 2351; x_wconf 58' lang='lat' dir='ltr'><strong>Gutsckardt</strong></span> <span class='ocrx_word' id='word_1_88' title='bbox 927 2278 1221 2372; x_wconf 76' lang='lat' dir='ltr'><strong>analysin</strong></span> <span class='ocrx_word' id='word_1_89' title='bbox 1237 2279 1436 2372; x_wconf 84' lang='lat' dir='ltr'><strong>hujus</strong></span> <span class='ocrx_word' id='word_1_90' title='bbox 1458 2304 1730 2375; x_wconf 66' lang='lat' dir='ltr'><strong>pugnae,</strong></span> <span class='ocrx_word' id='word_1_91' title='bbox 1749 2278 1984 2375; x_wconf 81' lang='lat' dir='ltr'><strong>gallico</strong></span> <span class='ocrx_word' id='word_1_92' title='bbox 2011 2281 2276 2374; x_wconf 85' lang='lat' dir='ltr'><strong>quidem</strong></span> <span class='ocrx_word' id='word_1_93' title='bbox 2299 2305 2436 2349; x_wconf 89' lang='lat' dir='ltr'><strong>ser-</strong></span> 
     </span>
     <span class='ocr_line' id='line_1_19' title="bbox 313 2385 2434 2481; baseline 0 -27"><span class='ocrx_word' id='word_1_94' title='bbox 313 2409 531 2474; x_wconf 85' lang='lat' dir='ltr'><strong>mone,</strong></span> <span class='ocrx_word' id='word_1_95' title='bbox 579 2385 694 2454; x_wconf 87' lang='lat' dir='ltr'><strong>sed</strong></span> <span class='ocrx_word' id='word_1_96' title='bbox 728 2387 1112 2454; x_wconf 82' lang='lat' dir='ltr'><strong>concinnius</strong></span> <span class='ocrx_word' id='word_1_97' title='bbox 1152 2400 1221 2454; x_wconf 87' lang='lat' dir='ltr'><strong>et</strong></span> <span class='ocrx_word' id='word_1_98' title='bbox 1247 2385 1610 2480; x_wconf 74' lang='lat' dir='ltr'><strong>elegantius</strong></span> <span class='ocrx_word' id='word_1_99' title='bbox 1643 2411 1846 2480; x_wconf 83' lang='lat' dir='ltr'><strong>quam</strong></span> <span class='ocrx_word' id='word_1_100' title='bbox 1875 2386 2006 2455; x_wconf 85' lang='lat' dir='ltr'><strong>fert</strong></span> <span class='ocrx_word' id='word_1_101' title='bbox 2039 2389 2434 2481; x_wconf 83' lang='lat' dir='ltr'><strong>scriptorum</strong></span> 
     </span>
     <span class='ocr_line' id='line_1_20' title="bbox 314 2490 2482 2587; baseline 0.001 -29"><span class='ocrx_word' id='word_1_102' title='bbox 314 2492 579 2587; x_wconf 81' lang='lat' dir='ltr'><strong>vulguS‚</strong></span> <span class='ocrx_word' id='word_1_103' title='bbox 611 2515 989 2586; x_wconf 81' lang='lat' dir='ltr'><strong>expressam</strong></span> <span class='ocrx_word' id='word_1_104' title='bbox 1020 2506 1089 2561; x_wconf 83' lang='lat' dir='ltr'><strong>et</strong></span> <span class='ocrx_word' id='word_1_105' title='bbox 1118 2490 1515 2586; x_wconf 73' lang='lat' dir='ltr'><strong>explicatam</strong></span> <span class='ocrx_word' id='word_1_106' title='bbox 1543 2517 1558 2559; x_wconf 90' lang='lat'><strong>:</strong></span> <span class='ocrx_word' id='word_1_107' title='bbox 1591 2507 1998 2587; x_wconf 80' lang='lat' dir='ltr'><strong>quapropter</strong></span> <span class='ocrx_word' id='word_1_108' title='bbox 2019 2517 2166 2561; x_wconf 86' lang='lat' dir='ltr'><strong>eam</strong></span> <span class='ocrx_word' id='word_1_109' title='bbox 2203 2491 2434 2562; x_wconf 85' lang='lat' dir='ltr'><strong>lectori</strong></span> <span class='ocrx_word' id='word_1_110' title='bbox 2479 2503 2482 2508; x_wconf 83' lang='grc'><strong>’</strong></span> 
     </span>
     <span class='ocr_line' id='line_1_21' title="bbox 316 2597 2449 2694; baseline -0 -27"><span class='ocrx_word' id='word_1_111' title='bbox 316 2599 637 2694; x_wconf 84' lang='lat' dir='ltr'><strong>integram</strong></span> <span class='ocrx_word' id='word_1_112' title='bbox 680 2597 983 2667; x_wconf 81' lang='lat' dir='ltr'><strong>dabimus</strong></span> <span class='ocrx_word' id='word_1_113' title='bbox 1023 2599 1319 2693; x_wconf 84' lang='lat' dir='ltr'><strong>ipsismet</strong></span> <span class='ocrx_word' id='word_1_114' title='bbox 1343 2599 1636 2691; x_wconf 81' lang='lat' dir='ltr'><strong>auctoris</strong></span> <span class='ocrx_word' id='word_1_115' title='bbox 1676 2598 1896 2666; x_wconf 79' lang='lat' dir='ltr'><strong>verbis</strong></span> <span class='ocrx_word' id='word_1_116' title='bbox 1921 2597 2008 2666; x_wconf 86' lang='lat' dir='ltr'><strong>ad</strong></span> <span class='ocrx_word' id='word_1_117' title='bbox 2043 2623 2239 2667; x_wconf 84' lang='lat' dir='ltr'><strong>usum</strong></span> <span class='ocrx_word' id='word_1_118' title='bbox 2275 2599 2449 2678; x_wconf 45' lang='lat' dir='ltr'><strong>tiro&lt;</strong></span> 
     </span>
     <span class='ocr_line' id='line_1_22' title="bbox 316 2703 2437 2798; baseline -0 -25"><span class='ocrx_word' id='word_1_119' title='bbox 316 2725 506 2792; x_wconf 84' lang='lat' dir='ltr'><strong>num,</strong></span> <span class='ocrx_word' id='word_1_120' title='bbox 534 2718 605 2772; x_wconf 89' lang='lat' dir='ltr'><strong>et</strong></span> <span class='ocrx_word' id='word_1_121' title='bbox 639 2705 712 2771; x_wconf 92' lang='lat' dir='ltr'><strong>in</strong></span> <span class='ocrx_word' id='word_1_122' title='bbox 740 2706 1019 2798; x_wconf 82' lang='lat' dir='ltr'><strong>gratiam</strong></span> <span class='ocrx_word' id='word_1_123' title='bbox 1056 2728 1292 2772; x_wconf 76' lang='lat' dir='ltr'><strong>eorum-</strong></span> <span class='ocrx_word' id='word_1_124' title='bbox 1316 2703 1558 2797; x_wconf 75' lang='lat' dir='ltr'><strong>quibus</strong></span> <span class='ocrx_word' id='word_1_125' title='bbox 1595 2704 1868 2772; x_wconf 86' lang='lat' dir='ltr'><strong>omnino</strong></span> <span class='ocrx_word' id='word_1_126' title='bbox 1900 2728 2046 2772; x_wconf 87' lang='lat' dir='ltr'><strong>non·</strong></span> <span class='ocrx_word' id='word_1_127' title='bbox 2077 2703 2302 2772; x_wconf 90' lang='lat' dir='ltr'><strong>sordet</strong></span> <span class='ocrx_word' id='word_1_128' title='bbox 2331 2727 2437 2772; x_wconf 79' lang='lat' dir='ltr'><strong>ars</strong></span> 
     </span>
     <span class='ocr_line' id='line_1_23' title="bbox 316 2807 2439 2904; baseline -0.001 -24"><span class='ocrx_word' id='word_1_129' title='bbox 316 2813 582 2894; x_wconf 85' lang='lat' dir='ltr'><strong>tactica3</strong></span> <span class='ocrx_word' id='word_1_130' title='bbox 603 2833 739 2878; x_wconf 83' lang='lat' dir='ltr'><strong>non</strong></span> <span class='ocrx_word' id='word_1_131' title='bbox 764 2809 1209 2904; x_wconf 83' lang='lat' dir='ltr'><strong>spernendum</strong></span> <span class='ocrx_word' id='word_1_132' title='bbox 1235 2831 1512 2898; x_wconf 79' lang='lat' dir='ltr'><strong>munus,</strong></span> <span class='ocrx_word' id='word_1_133' title='bbox 1528 2823 1596 2877; x_wconf 82' lang='lat' dir='ltr'><strong>et</strong></span> <span class='ocrx_word' id='word_1_134' title='bbox 1613 2807 1794 2902; x_wconf 80' lang='lat' dir='ltr'><strong>qnod</strong></span> <span class='ocrx_word' id='word_1_135' title='bbox 1811 2807 1934 2877; x_wconf 83' lang='lat' dir='ltr'><strong>illis</strong></span> <span class='ocrx_word' id='word_1_136' title='bbox 1956 2809 2240 2878; x_wconf 86' lang='lat' dir='ltr'><strong>maxime</strong></span> <span class='ocrx_word' id='word_1_137' title='bbox 2265 2833 2439 2878; x_wconf 89' lang='lat' dir='ltr'><strong>com·</strong></span> 
     </span>
     <span class='ocr_line' id='line_1_24' title="bbox 314 2913 2437 3045; baseline -0.002 -59"><span class='ocrx_word' id='word_1_138' title='bbox 314 2917 703 2986; x_wconf 73' lang='lat' dir='ltr'><strong>mendamus</strong></span> <span class='ocrx_word' id='word_1_139' title='bbox 723 2969 743 3003; x_wconf 87' lang='lat'>‚</span> <span class='ocrx_word' id='word_1_140' title='bbox 786 2931 865 2985; x_wconf 83' lang='lat' dir='ltr'><strong>ut</strong></span> <span class='ocrx_word' id='word_1_141' title='bbox 904 2915 1201 3045; x_wconf 72' lang='lat' dir='ltr'><strong>militaris</strong></span> <span class='ocrx_word' id='word_1_142' title='bbox 1246 2916 1407 2984; x_wconf 74' lang='lat' dir='ltr'><strong>artis</strong></span> <span class='ocrx_word' id='word_1_143' title='bbox 1447 2930 1519 2984; x_wconf 83' lang='lat' dir='ltr'><strong>et</strong></span> <span class='ocrx_word' id='word_1_144' title='bbox 1557 2915 1800 2984; x_wconf 79' lang='lat' dir='ltr'><strong>criticae</strong></span> <span class='ocrx_word' id='word_1_145' title='bbox 1839 2915 2174 3008; x_wconf 83' lang='lat' dir='ltr'><strong>specimen</strong></span> <span class='ocrx_word' id='word_1_146' title='bbox 2217 2913 2437 2984; x_wconf 84' lang='lat' dir='ltr'><strong>excel-</strong></span> 
     </span>
     <span class='ocr_line' id='line_1_25' title="bbox 316 3009 2511 3092; baseline 0 -2"><span class='ocrx_word' id='word_1_147' title='bbox 316 3021 766 3092; x_wconf 78' lang='lat' dir='ltr'><strong>lentissimum.</strong></span> <span class='ocrx_word' id='word_1_148' title='bbox 2495 3009 2511 3014; x_wconf 52' lang='grc'><em>”</em></span> 
     </span>
     <span class='ocr_line' id='line_1_26' title="bbox 424 3114 2502 3216; baseline -0.001 -15.889"><span class='ocrx_word' id='word_1_149' title='bbox 424 3128 710 3200; x_wconf 77' lang='lat' dir='ltr'><strong>«Cesar</strong></span> <span class='ocrx_word' id='word_1_150' title='bbox 732 3153 763 3197; x_wconf 84' lang='lat' dir='ltr'><strong>s</strong></span> <span class='ocrx_word' id='word_1_151' title='bbox 764 3114 947 3197; x_wconf 69' lang='lat' dir='ltr'><strong>’etait</strong></span> <span class='ocrx_word' id='word_1_152' title='bbox 966 3127 1215 3197; x_wconf 71' lang='lat' dir='ltr'><strong>avance</strong></span> <span class='ocrx_word' id='word_1_153' title='bbox 1238 3151 1403 3197; x_wconf 80' lang='lat' dir='ltr'><strong>avec</strong></span> <span class='ocrx_word' id='word_1_154' title='bbox 1430 3153 1534 3197; x_wconf 85' lang='lat' dir='ltr'><strong>ses</strong></span> <span class='ocrx_word' id='word_1_155' title='bbox 1563 3141 1779 3196; x_wconf 83' lang='lat' dir='ltr'><strong>trente</strong></span> <span class='ocrx_word' id='word_1_156' title='bbox 1806 3128 2147 3216; x_wconf 83' lang='lat' dir='ltr'><strong>cohortes,</strong></span> <span class='ocrx_word' id='word_1_157' title='bbox 2165 3129 2441 3198; x_wconf 86' lang='lat' dir='ltr'><strong>environ</strong></span> <span class='ocrx_word' id='word_1_158' title='bbox 2497 3205 2502 3212; x_wconf 50' lang='lat'>‚</span> 
     </span>
     <span class='ocr_line' id='line_1_27' title="bbox 316 3232 2441 3329; baseline 0 -27"><span class='ocrx_word' id='word_1_159' title='bbox 316 3236 477 3304; x_wconf 85' lang='lat' dir='ltr'><strong>trois</strong></span> <span class='ocrx_word' id='word_1_160' title='bbox 494 3233 676 3304; x_wconf 84' lang='lat' dir='ltr'><strong>mille</strong></span> <span class='ocrx_word' id='word_1_161' title='bbox 692 3259 813 3329; x_wconf 87' lang='lat' dir='ltr'><strong>pas</strong></span> <span class='ocrx_word' id='word_1_162' title='bbox 841 3234 935 3303; x_wconf 82' lang='lat' dir='ltr'><strong>de</strong></span> <span class='ocrx_word' id='word_1_163' title='bbox 966 3259 1088 3304; x_wconf 88' lang='lat' dir='ltr'><strong>son</strong></span> <span class='ocrx_word' id='word_1_164' title='bbox 1118 3259 1311 3329; x_wconf 83' lang='lat' dir='ltr'><strong>camp</strong></span> <span class='ocrx_word' id='word_1_165' title='bbox 1336 3287 1357 3322; x_wconf 88' lang='lat'><strong>‚</strong></span> <span class='ocrx_word' id='word_1_166' title='bbox 1394 3234 1698 3328; x_wconf 86' lang='lat' dir='ltr'><strong>lorsque,</strong></span> <span class='ocrx_word' id='word_1_167' title='bbox 1720 3259 1872 3303; x_wconf 78' lang='lat' dir='ltr'><strong>vers</strong></span> <span class='ocrx_word' id='word_1_168' title='bbox 1895 3232 1990 3302; x_wconf 90' lang='lat' dir='ltr'><strong>les</strong></span> <span class='ocrx_word' id='word_1_169' title='bbox 2020 3259 2186 3303; x_wconf 91' lang='lat' dir='ltr'><strong>onze</strong></span> <span class='ocrx_word' id='word_1_170' title='bbox 2203 3234 2441 3304; x_wconf 88' lang='lat' dir='ltr'><strong>heures</strong></span> 
     </span>
     <span class='ocr_line' id='line_1_28' title="bbox 318 3327 2445 3463; baseline -0 -54"><span class='ocrx_word' id='word_1_171' title='bbox 318 3340 406 3410; x_wconf 86' lang='lat' dir='ltr'><strong>du</strong></span> <span class='ocrx_word' id='word_1_172' title='bbox 438 3343 693 3428; x_wconf 77' lang='lat' dir='ltr'><strong>matiri,</strong></span> <span class='ocrx_word' id='word_1_173' title='bbox 736 3365 841 3410; x_wconf 84' lang='lat' dir='ltr'><strong>ses</strong></span> <span class='ocrx_word' id='word_1_174' title='bbox 870 3341 1077 3463; x_wconf 80' lang='lat' dir='ltr'><strong>partis</strong></span> <span class='ocrx_word' id='word_1_175' title='bbox 1102 3341 1370 3410; x_wconf 70' lang='lat' dir='ltr'><strong>vinrent</strong></span> <span class='ocrx_word' id='word_1_176' title='bbox 1391 3339 1485 3409; x_wconf 83' lang='lat' dir='ltr'><strong>lui</strong></span> <span class='ocrx_word' id='word_1_177' title='bbox 1508 3339 1764 3410; x_wconf 78' lang='lat' dir='ltr'><strong>donner</strong></span> <span class='ocrx_word' id='word_1_178' title='bbox 1789 3341 1927 3409; x_wconf 73' lang='lat' dir='ltr'><strong>avis</strong></span> <span class='ocrx_word' id='word_1_179' title='bbox 1953 3366 2043 3434; x_wconf 86' lang='lat' dir='ltr'><strong>qu</strong></span> <span class='ocrx_word' id='word_1_180' title='bbox 2045 3327 2148 3408; x_wconf 86' lang='lat' dir='ltr'><strong>’ils</strong></span> <span class='ocrx_word' id='word_1_181' title='bbox 2183 3343 2445 3409; x_wconf 75' lang='lat' dir='ltr'><strong>avaient</strong></span> 
     </span>
     <span class='ocr_line' id='line_1_29' title="bbox 318 3433 2442 3571; baseline -0.001 -55"><span class='ocrx_word' id='word_1_182' title='bbox 318 3469 563 3542; x_wconf 66' lang='lat' dir='ltr'><strong>aperqu</strong></span> <span class='ocrx_word' id='word_1_183' title='bbox 606 3447 689 3516; x_wconf 87' lang='lat' dir='ltr'><strong>de</strong></span> <span class='ocrx_word' id='word_1_184' title='bbox 726 3447 863 3516; x_wconf 86' lang='lat' dir='ltr'><strong>loin</strong></span> <span class='ocrx_word' id='word_1_185' title='bbox 902 3433 1211 3516; x_wconf 84' lang='lat' dir='ltr'><strong>l’ennemi</strong></span> <span class='ocrx_word' id='word_1_186' title='bbox 1251 3449 1365 3542; x_wconf 84' lang='lat' dir='ltr'><strong>qui</strong></span> <span class='ocrx_word' id='word_1_187' title='bbox 1404 3471 1435 3516; x_wconf 92' lang='lat' dir='ltr'><strong>s</strong></span> <span class='ocrx_word' id='word_1_188' title='bbox 1437 3433 1854 3571; x_wconf 84' lang='lat' dir='ltr'><strong>’approchait</strong></span> <span class='ocrx_word' id='word_1_189' title='bbox 1888 3471 1972 3515; x_wconf 92' lang='lat' dir='ltr'><strong>en</strong></span> <span class='ocrx_word' id='word_1_190' title='bbox 2007 3445 2220 3541; x_wconf 85' lang='lat' dir='ltr'><strong>grand</strong></span> <span class='ocrx_word' id='word_1_191' title='bbox 2253 3470 2442 3515; x_wconf 89' lang='lat' dir='ltr'><strong>nom—</strong></span> 
     </span>
     <span class='ocr_line' id='line_1_30' title="bbox 319 3540 2438 3648; baseline 0.001 -28"><span class='ocrx_word' id='word_1_192' title='bbox 319 3552 466 3641; x_wconf 89' lang='lat' dir='ltr'><strong>bre,</strong></span> <span class='ocrx_word' id='word_1_193' title='bbox 506 3569 577 3623; x_wconf 90' lang='lat' dir='ltr'><strong>et</strong></span> <span class='ocrx_word' id='word_1_194' title='bbox 606 3577 643 3621; x_wconf 88' lang='lat' dir='ltr'><strong>a</strong></span> <span class='ocrx_word' id='word_1_195' title='bbox 659 3540 708 3621; x_wconf 91' lang='lat' dir='ltr'><strong>·&#39;l</strong></span> <span class='ocrx_word' id='word_1_196' title='bbox 714 3555 961 3623; x_wconf 79' lang='lat' dir='ltr'><strong>instant</strong></span> <span class='ocrx_word' id='word_1_197' title='bbox 992 3555 1209 3624; x_wconf 67' lang='lat' dir='ltr'><strong>meme</strong></span> <span class='ocrx_word' id='word_1_198' title='bbox 1242 3579 1332 3624; x_wconf 86' lang='lat' dir='ltr'><strong>on</strong></span> <span class='ocrx_word' id='word_1_199' title='bbox 1362 3555 1463 3622; x_wconf 80' lang='lat' dir='ltr'><strong>vit</strong></span> <span class='ocrx_word' id='word_1_200' title='bbox 1496 3579 1528 3623; x_wconf 92' lang='lat' dir='ltr'><strong>s</strong></span> <span class='ocrx_word' id='word_1_201' title='bbox 1529 3540 1770 3622; x_wconf 76' lang='lat' dir='ltr'><strong>&#39;elever</strong></span> <span class='ocrx_word' id='word_1_202' title='bbox 1795 3577 1930 3622; x_wconf 75' lang='lat' dir='ltr'><strong>une</strong></span> <span class='ocrx_word' id='word_1_203' title='bbox 1955 3551 2207 3648; x_wconf 74' lang='lat' dir='ltr'><strong>epaisse</strong></span> <span class='ocrx_word' id='word_1_204' title='bbox 2241 3577 2438 3646; x_wconf 87' lang='lat' dir='ltr'><strong>pous</strong></span> 
     </span>
     <span class='ocr_line' id='line_1_31' title="bbox 322 3657 2445 3778; baseline -0 -50"><span class='ocrx_word' id='word_1_205' title='bbox 322 3660 500 3730; x_wconf 68' lang='lat' dir='ltr'><strong>aiere.</strong></span> <span class='ocrx_word' id='word_1_206' title='bbox 529 3657 588 3729; x_wconf 79' lang='grc' dir='ltr'><strong>Ι]</strong></span> <span class='ocrx_word' id='word_1_207' title='bbox 624 3674 726 3729; x_wconf 89' lang='lat' dir='ltr'><strong>est</strong></span> <span class='ocrx_word' id='word_1_208' title='bbox 761 3663 1125 3755; x_wconf 86' lang='lat' dir='ltr'><strong>important</strong></span> <span class='ocrx_word' id='word_1_209' title='bbox 1152 3661 1234 3731; x_wconf 92' lang='lat' dir='ltr'><strong>de</strong></span> <span class='ocrx_word' id='word_1_210' title='bbox 1267 3659 1608 3731; x_wconf 72' lang='lat' dir='ltr'><strong>connaitre</strong></span> <span class='ocrx_word' id='word_1_211' title='bbox 1642 3658 1705 3729; x_wconf 88' lang='lat' dir='ltr'><strong>la</strong></span> <span class='ocrx_word' id='word_1_212' title='bbox 1727 3674 1909 3729; x_wconf 87' lang='lat' dir='ltr'><strong>carte</strong></span> <span class='ocrx_word' id='word_1_213' title='bbox 1937 3659 2028 3728; x_wconf 91' lang='lat' dir='ltr'><strong>du</strong></span> <span class='ocrx_word' id='word_1_214' title='bbox 2054 3683 2214 3778; x_wconf 84' lang='lat' dir='ltr'><strong>pays</strong></span> <span class='ocrx_word' id='word_1_215' title='bbox 2227 3711 2244 3745; x_wconf 92' lang='lat'>‚</span> <span class='ocrx_word' id='word_1_216' title='bbox 2273 3682 2445 3752; x_wconf 90' lang='lat' dir='ltr'><strong>pour</strong></span> 
     </span>
     <span class='ocr_line' id='line_1_32' title="bbox 324 3752 2444 3860; baseline 0 -26"><span class='ocrx_word' id='word_1_217' title='bbox 324 3789 389 3834; x_wconf 88' lang='lat' dir='ltr'><strong>se</strong></span> <span class='ocrx_word' id='word_1_218' title='bbox 427 3767 683 3835; x_wconf 86' lang='lat' dir='ltr'><strong>former</strong></span> <span class='ocrx_word' id='word_1_219' title='bbox 738 3791 871 3836; x_wconf 87' lang='lat' dir='ltr'><strong>une</strong></span> <span class='ocrx_word' id='word_1_220' title='bbox 907 3766 1053 3836; x_wconf 74' lang='lat' dir='ltr'><strong>idee</strong></span> <span class='ocrx_word' id='word_1_221' title='bbox 1108 3765 1192 3836; x_wconf 93' lang='lat' dir='ltr'><strong>de</strong></span> <span class='ocrx_word' id='word_1_222' title='bbox 1231 3754 1499 3837; x_wconf 86' lang='lat' dir='ltr'><strong>l’action</strong></span> <span class='ocrx_word' id='word_1_223' title='bbox 1539 3791 1633 3860; x_wconf 89' lang='lat' dir='ltr'><strong>qu</strong></span> <span class='ocrx_word' id='word_1_224' title='bbox 1633 3752 1706 3835; x_wconf 82' lang='lat' dir='ltr'><strong>’il</strong></span> <span class='ocrx_word' id='word_1_225' title='bbox 1753 3791 1797 3860; x_wconf 79' lang='lat' dir='ltr'>y</span> <span class='ocrx_word' id='word_1_226' title='bbox 1831 3780 1947 3835; x_wconf 88' lang='lat' dir='ltr'><strong>eut</strong></span> <span class='ocrx_word' id='word_1_227' title='bbox 1993 3767 2080 3833; x_wconf 90' lang='lat' dir='ltr'><strong>ici</strong></span> <span class='ocrx_word' id='word_1_228' title='bbox 2122 3776 2308 3832; x_wconf 88' lang='lat' dir='ltr'><strong>entre</strong></span> <span class='ocrx_word' id='word_1_229' title='bbox 2352 3763 2444 3834; x_wconf 85' lang='lat' dir='ltr'><strong>les</strong></span> 
     </span>
     <span class='ocr_line' id='line_1_33' title="bbox 324 3868 2445 3968; baseline -0 -29"><span class='ocrx_word' id='word_1_230' title='bbox 324 3885 593 3968; x_wconf 87' lang='lat' dir='ltr'><strong>troupes</strong></span> <span class='ocrx_word' id='word_1_231' title='bbox 631 3873 715 3941; x_wconf 91' lang='lat' dir='ltr'><strong>de</strong></span> <span class='ocrx_word' id='word_1_232' title='bbox 760 3873 965 3943; x_wconf 74' lang='lat' dir='ltr'><strong>Cesar</strong></span> <span class='ocrx_word' id='word_1_233' title='bbox 1002 3887 1071 3944; x_wconf 91' lang='lat' dir='ltr'><strong>et</strong></span> <span class='ocrx_word' id='word_1_234' title='bbox 1114 3872 1309 3943; x_wconf 85' lang='lat' dir='ltr'><strong>celles</strong></span> <span class='ocrx_word' id='word_1_235' title='bbox 1350 3873 1433 3942; x_wconf 86' lang='lat' dir='ltr'><strong>de</strong></span> <span class='ocrx_word' id='word_1_236' title='bbox 1470 3871 1835 3961; x_wconf 67' lang='lat' dir='ltr'><strong>Labienus,</strong></span> <span class='ocrx_word' id='word_1_237' title='bbox 1879 3886 1945 3940; x_wconf 90' lang='lat' dir='ltr'><strong>et</strong></span> <span class='ocrx_word' id='word_1_238' title='bbox 1979 3870 2062 3939; x_wconf 91' lang='lat' dir='ltr'><strong>de</strong></span> <span class='ocrx_word' id='word_1_239' title='bbox 2101 3884 2318 3940; x_wconf 90' lang='lat' dir='ltr'><strong>toutes</strong></span> <span class='ocrx_word' id='word_1_240' title='bbox 2353 3868 2445 3940; x_wconf 88' lang='lat' dir='ltr'><strong>les</strong></span> 
     </span>
     <span class='ocr_line' id='line_1_34' title="bbox 328 3975 2445 4072; baseline -0.001 -26"><span class='ocrx_word' id='word_1_241' title='bbox 328 3993 543 4050; x_wconf 83' lang='lat' dir='ltr'><strong>autres</strong></span> <span class='ocrx_word' id='word_1_242' title='bbox 578 3994 963 4050; x_wconf 85' lang='lat' dir='ltr'><strong>rencontres</strong></span> <span class='ocrx_word' id='word_1_243' title='bbox 1000 3979 1164 4049; x_wconf 87' lang='lat' dir='ltr'><strong>dont</strong></span> <span class='ocrx_word' id='word_1_244' title='bbox 1204 3978 1327 4049; x_wconf 83' lang='lat' dir='ltr'><strong>elle</strong></span> <span class='ocrx_word' id='word_1_245' title='bbox 1350 3979 1455 4048; x_wconf 85' lang='lat' dir='ltr'><strong>fut</strong></span> <span class='ocrx_word' id='word_1_246' title='bbox 1480 3981 1716 4067; x_wconf 78' lang='lat' dir='ltr'><strong>suivie3</strong></span> <span class='ocrx_word' id='word_1_247' title='bbox 1759 4001 1957 4072; x_wconf 86' lang='lat' dir='ltr'><strong>parce</strong></span> <span class='ocrx_word' id='word_1_248' title='bbox 1979 4002 2107 4070; x_wconf 87' lang='lat' dir='ltr'><strong>que</strong></span> <span class='ocrx_word' id='word_1_249' title='bbox 2143 3975 2236 4046; x_wconf 84' lang='lat' dir='ltr'><strong>les</strong></span> <span class='ocrx_word' id='word_1_250' title='bbox 2267 3979 2445 4072; x_wconf 89' lang='lat' dir='ltr'><strong>prin-</strong></span> 
     </span>
     <span class='ocr_line' id='line_1_35' title="bbox 328 4083 2446 4180; baseline 0 -29"><span class='ocrx_word' id='word_1_251' title='bbox 328 4083 565 4178; x_wconf 86' lang='lat' dir='ltr'><strong>cipales</strong></span> <span class='ocrx_word' id='word_1_252' title='bbox 605 4085 985 4180; x_wconf 74' lang='lat' dir='ltr'><strong>operations</strong></span> <span class='ocrx_word' id='word_1_253' title='bbox 1014 4087 1098 4156; x_wconf 90' lang='lat' dir='ltr'><strong>de</strong></span> <span class='ocrx_word' id='word_1_254' title='bbox 1132 4102 1307 4158; x_wconf 82' lang='lat' dir='ltr'><strong>cette</strong></span> <span class='ocrx_word' id='word_1_255' title='bbox 1332 4109 1569 4180; x_wconf 81' lang='lat' dir='ltr'><strong>guerre</strong></span> <span class='ocrx_word' id='word_1_256' title='bbox 1605 4109 1674 4155; x_wconf 86' lang='lat' dir='ltr'><strong>se</strong></span> <span class='ocrx_word' id='word_1_257' title='bbox 1710 4099 1862 4158; x_wconf 87' lang='lat' dir='ltr'><strong>sont</strong></span> <span class='ocrx_word' id='word_1_258' title='bbox 1898 4083 2084 4155; x_wconf 82' lang='lat' dir='ltr'><strong>faites</strong></span> <span class='ocrx_word' id='word_1_259' title='bbox 2127 4083 2289 4153; x_wconf 86' lang='lat' dir='ltr'><strong>dans</strong></span> <span class='ocrx_word' id='word_1_260' title='bbox 2318 4107 2446 4152; x_wconf 89' lang='lat' dir='ltr'><strong>une</strong></span> 
     </span>
    </p>
   </div>
  </div>
 </body>
</html>
