3017 5042
741 440 948 506 vEL
1001 437 1939 508 DlssERTA‘rloNES.
2190 479 2195 488 -
2302 469 2387 537 71

273 571 627 662 Anckorae
651 570 943 664 primum
965 593 1047 636 ex
1069 566 1285 662 lapide
1323 568 1735 656 fabrefactae,
1765 584 1841 638 ut
1866 572 2151 640 ostendit
2196 575 2399 668 Apol-

275 678 490 747 lonius
521 678 592 744 in
615 675 1099 770 Argomuticis,
1133 689 1204 743 et
1219 676 1476 743 Arrian.
1513 676 1585 742 in
1618 674 1875 770 periplo
1899 679 2093 746 Ponti
2114 681 2357 748 Euxini
2384 708 2397 748 :

273 786 380 854 At
413 784 703 852 alten'zcs
748 780 1046 877 lapideae
1081 781 1404 850 anchorae
1416 781 1845 875 fingmenta
1874 781 1975 851 ibt
2006 777 2117 868 (in
2153 785 2403 880 templo

273 890 408 960 deae
447 879 828 976 Phasianae)
857 892 1172 956 vastantur
1193 903 1626 982 pervetusta,
1666 911 1825 982 quoe
1863 889 2133 983 quidem
2158 897 2405 960 venis-z·-

272 997 496 1065 milius
525 1009 636 1062 est
667 997 1162 1087 antz‘qzalssimoe
1191 994 1519 1064 anchorae
1543 996 2047 1088 Argonautica!
2077 997 2403 1091 reliquias

273 1126 418 1170 esse
437 1099 854 1170 cmdlderzm.
871 1101 1002 1168 Eas
1023 1112 1256 1194 postea
1283 1101 1635 1169 fecerunte
1653 1100 1851 1195 ligno.
1869 1101 2111 1172 Athen.-
2134 1103 2205 1170 in
2228 1127 2399 1172 nave

273 1205 750 1302 Philopatoris:
776 1195 1050 1300 Ᾰγκόραι
1079 1197 1148 1273 δὲ
1177 1203 1328 1279 ἦσαν
1346 1259 1365 1294 ,
1395 1200 1627 1285 &nivea
1656 1207 1765 1298 μὲν
1790 1209 2085 1301 τέτταρες
2103 1259 2122 1295 ,
2150 1199 2407 1302 σιδηραῖ·

262 1305 340 1380 ’δὲ
371 1316 569 1380 ὀκτώ.
603 1312 859 1381 Ultimo
889 1311 1134 1380 e‘ferro
1159 1311 1379 1400 factoe·‚
1403 1310 1519 1381 sed
1556 1337 1711 1381 cum
1737 1313 1932 1383 dente
1955 1337 2092 1383 non
2122 1315 2193 1381 in
2219 1327 2401 1382 utra-

271 1445 396 1514 que
413 1471 436 1506 ,
463 1418 582 1487 sed
601 1417 832 1487 saltem
858 1441 992 1486 una
1017 1431 1224 1512 parte.
1245 1418 1505 1487 Deinde
1532 1417 1905 1509 Eupalamii
1924 1421 2264 1514 ingenium
2282 1443 2400 1490 ac-

272 1527 468 1595 cessit
483 1576 504 1612 ,
522 1539 591 1593 et
631 1524 965 1624 bidentem
982 1521 1173 1609 fecit3
1191 1538 1258 1590 et
1281 1523 1458 1591 hanc
1485 1523 1848 1593 anchoram
1874 1525 2229 1620 ἀμφίςομον
2244 1579 2263 1614 ,
2282 1551 2401 1595 seu

271 1625 612 1724 ἀμφίὸολον
635 1633 752 1698 Gr.
776 1642 1038 1697 vocant.
1063 1625 1384 1698 Nonnulli
1399 1626 1540 1720 ejus
1566 1630 2018 1703 inventionem
2030 1631 2404 1702 „Anacharsi

273 1737 585 1832 Scythico
619 1731 1016 1830 philosopho
1050 1733 1368 1811 tribuunt.
1403 1734 1621 1802 Strab.
1649 1733 1692 1802 l.
1716 1738 1815 1820 X,
1854 1750 1921 1804 et
1958 1735 2212 1806 Suidas.
2237 1725 2404 1808 Non

271 1841 711 1912 omittendum
749 1865 956 1936 genus
996 1840 1309 1910 anchorae
1345 1864 1462 1910 seu
1491 1839 1838 1909 retinaculi
1874 1865 1995 1934 per
2032 1843 2269 1911 corbes
2310 1842 2404 1912 la·-

271 1949 543 2044 pidibus
573 1946 881 2035 refertas,
909 1971 1190 2040 quarum
1222 1947 1472 2016 mentio
1494 1946 1574 2014 fit
1596 1946 1953 2040 asosepho
1982 1961 2049 2016 et
2076 1949 2401 2042 Eunapio.

271 2059 408 2125 Has
445 2054 798 2147 descripsit
836 2054 1094 2121 Arrian.
1139 2052 1178 2120 l.
1226 2055 1313 2120 X.
1351 2051 1601 2146 Exped.
1634 2049 1819 2120 Alex.
1856 2055 2127 2140 Crates,
2161 2054 2406 2147 inquit,

267 2165 604 2230 vimineas
630 2165 702 2228 in
740 2158 1188 2254 Pyramidum·
1217 2157 1490 2228 modum
1521 2174 1887 2228 contextas
1920 2175 1995 2228 et
2014 2161 2283 2228 selec-tezs-
2310 2159 2415 2229 ad

269 2267 344 2336 id
349 2266 698 2364 lapidibus
714 2267 1032 2362 oppletas
1053 2265 1157 2334 ad
1159 2265 1857 2361 promssingularum
1881 2269 2153 2336 navium
2178 2265 2407 2334 demit·

267 2389 438 2443 tunt.
478 2371 612 2442 Sed
637 2372 740 2441 his
775 2397 912 2441 non
948 2373 1310 2440 utebantur
1349 2372 1474 2440 nisi
1510 2372 1583 2439 in
1619 2372 1913 2442 arenosis
1944 2370 2105 2441 locis
2147 2386 2216 2441 et
2248 2397 2403 2441 mo-

269 2479 544 2566 bilibus,
579 2479 695 2548 ubi
729 2477 872 2547 aliae
896 2478 1204 2547 anchorae
1235 2476 1374 2546 sisti
1407 2491 1476 2544 et
1512 2476 1715 2571 defigi
1733 2478 2102 2571 nequirent.
2128 2476 2405 2546 Habue-

271 2601 430 2655 runt
451 2600 677 2654 autem
713 2583 936 2679 plures
967 2584 1293 2654 anchoras
1329 2582 1604 2652 diversae
1635 2577 2115 2678 ‘magnitudinis
2146 2585 2216 2651 in
2249 2605 2407 2651 una-

269 2716 534 2788 quaque
577 2693 767 2777 navi,
811 2715 1092 2785 quarum
1134 2689 1468 2783 proecipua
1499 2686 1661 2781 ἱερὰ,
1700 2692 1885 2757 sacra
1922 2689 2115 2757 dicta.
2162 2691 2407 2756 Forma

271 2799 586 2868 anchorae
637 2812 940 2866 veterum
994 2794 1250 2864 accedit
1289 2793 1374 2862 ad
1430 2817 1579 2864 eam
1636 2817 1839 2887 quam
1885 2795 2097 2864 nostri
2132 2792 2405 2861 habent.

272 2905 446 2974 Vide
465 2907 619 2974 NN.
636 2905 829 2974 Bolis
853 2915 998 2972 erat
1020 2927 1159 2971 non
1185 2899 1499 2988 anchora,
1524 2898 1639 2969 sed
1655 2901 2196 2985 instrumentum,
2218 2899 2407 2991 cujus

272 3036 401 3107 ope
436 3011 642 3080 maris
664 3009 1112 3080 conditionem
1133 3023 1202 3078 et
1222 3021 1416 3078 terrae
1439 3004 1745 3076 solebant
1756 3003 2119 3101 explorare.
2154 3003 2407 3074 Glossae

275 3118 434 3187 novi
474 3118 850 3210 testamenti
888 3141 902 3184 :
941 3118 1132 3186 Bolis
1155 3130 1265 3184 est
1289 3115 1649 3184 vasculum
1688 3115 1809 3183 vel
1822 3109 2221 3209 plwnbeum
2256 3135 2409 3180 oum

274 3241 560 3311 catena,
595 3223 1046 3318 quod-nautae
1064 3223 1348 3318 implent
1363 3220 1575 3316 adrine
1596 3235 1675 3288 et
1692 3219 2094 3288 submittunt
2114 3223 2187 3287 in
2220 3239 2413 3318 mare

276 3332 378 3400 ad
411 3329 915 3426 explorandum
936 3385 958 3417 ‚
986 3343 1084 3398 an
1109 3327 1270 3398 loca
1279 3325 1710 3424 petrosa-ubi
1721 3330 1917 3398 navis
1927 3330 2164 3421 possit
2180 3340 2403 3410 stare,

275 3463 374 3507 an
391 3461 720 3523 arenosa,
753 3459 913 3530 quae
946 3439 1172 3505 navim
1182 3434 1508 3531 perdant:
1548 3427 1987 3529 Catapirates
2020 3429 2269 3504 dicuut-
2290 3433 2415 3500 Lu-

276 3546 432 3613 cilio
445 3597 470 3630 ,
517 3545 707 3614 lmea
729 3567 881 3612 cum
899 3565 1134 3612 massa
1147 3541 1484 3638 plumbea
1522 3563 1668 3634 qua
1708 3545 1923 3609 man&
1958 3536 2250 3608 accendo
2282 3551 2425 3604 tem·

281 3666 488 3719 tatur.

384 3756 515 3825 Sed
559 3755 643 3822 ad
685 3753 1183 3849 gubernandam
1223 3755 1482 3840 navim,
1542 3777 1660 3822 seu
1712 3749 1796 3819 ad
1848 3748 2207 3844 regendam
2235 3800 2254 3833 ‚
2309 3745 2415 3814 vel

285 3860 366 3928 ad
417 3860 901 3931 defendendam
945 3858 1216 3954 plurimi
1258 3873 1448 3928 erant
1495 3858 1759 3927 ordines
1794 3855 2112 3937 instituti3
2170 3850 2419 3921 scilicet

285 3973 528 4036 summi
549 3972 996 4064 magistram
1023 3956 1599 4056 (Z’e‘tac-major):
1623 3965 1796 4032 inter
1822 3987 1935 4031 eos
1964 3961 2218 4054 primus
2242 3957 2421 4054 apud

287 4095 535 4165 graecos
586 4077 948 4167 τριήραρχος
965 4123 984 4157 ,
1040 4071 1484 4160 trierarchus,
1556 4093 1840 4164 persona
1899 4080 2041 4136 erat
2106 4065 2373 4162 publica
2401 4117 2419 4149 ‚

1944 4178 2105 4261 5⁴-
