3017 5042
849 453 1732 566 GEOGRAPHICUs.
2216 458 2371 555 169

251 612 526 663 anonim
547 641 568 677 ,
608 608 780 677 xlv3
827 612 1086 658 summa
1105 638 1125 671 ‚
1163 608 1336 659 tvm
1390 585 1597 657 leucae
1642 584 1893 683 gallicae
1928 578 2357 677 (constantes

255 695 428 769 1500
461 720 598 792 pas.
639 721 758 765 seu
790 694 1170 764 milliarium
1207 708 1276 763 et
1319 694 1483 765 semi
1512 719 1714 790 supra
1734 689 1969 784 ).·Tab.
2004 699 2213 783 Peut.,
2240 722 2359 767 seu

246 803 710 890 Theodosiana,
740 802 1118 873 Theodosio
1145 804 1316 896 Imp.
1351 801 1675 871 attributa
1694 855 1715 889 ,
1738 816 1805 871 et
1830 826 2139 897 expressa
2170 804 2352 873 chal-

245 910 622 1006 cographice
657 909 1078 981 Vindobonae
1127 932 1151 977 1
1173 934 1210 1004 7
1227 905 1321 978 53
1368 906 1570 995 in·f.⁰‚
1592 922 1897 979 nostrum
1930 909 2164 978 definit
2192 912 2354 979 iter:

241 1021 497 1087 Bacaco
539 1023 772 1087 nermo
813 1010 842 1106 (
871 1017 939 1085 id
981 1031 1084 1085 est
1123 1018 1434 1109 Bagacon
1475 1009 1927 1105 Nerviorum)
1968 1056 2077 1069 --
2104 1040 2210 1087 xn
2252 1058 2359 1069 —-

239 1127 305 1191 V
293 1148 404 1193 oso
446 1128 798 1219 Borgiaco
841 1162 950 1177 -—··
989 1146 1115 1191 xvl
1159 1162 1268 1173 --
1309 1126 1659 1193 Geminico
1693 1126 1851 1195 vico
1894 1162 2004 1175 --
2041 1146 2167 1194 xvl
2216 1114 2357 1207 (ita

237 1227 362 1323 lego
391 1256 514 1326 pro
550 1254 724 1301 XLVI
746 1282 767 1318 ,
797 1229 976 1299 foedo
997 1220 1266 1316 errore)
1289 1267 1397 1279 --—
1413 1231 1733 1299 Pernaco
1757 1253 1885 1299 xvt
1904 1232 2313 1299 -—-Atuaca
2324 1258 2355 1318 ,-

235 1359 499 1424 summa,
538 1361 634 1407 Lx
675 1336 880 1406 leucae
923 1334 1208 1431 gallicae,
1245 1336 1512 1404 circiter
1546 1333 1639 1405 32
1687 1334 1729 1405 l.
1769 1336 1976 1407 franc.
2016 1339 2107 1405 Et
2137 1338 2355 1433 reipsa

232 1466 297 1510 ea
327 1457 420 1513 est
457 1444 599 1513 fere
629 1443 939 1517 distantia
971 1444 1147 1511 inter
1182 1441 1384 1511 urbes
1413 1441 1625 1511 dictas
1655 1448 1885 1513 Bavat'
1908 1457 1977 1511 et
2025 1447 2351 1539 Tongres.

229 1549 401 1618 Unde
469 1549 900 1619 manifestum
950 1548 1028 1617 fit
1075 1548 1528 1618 Aduatucam
1586 1551 1867 1619 Caesaris
1891 1602 1911 1633 ,
1955 1551 2351 1619 Eburonum

230 1655 438 1725 urbem
459 1710 479 1744 ,
529 1656 836 1727 eamdem
885 1678 1028 1725 esse
1071 1677 1218 1748 quae
1269 1680 1451 1723 nunc
1498 1654 1743 1725 dicitur
1804 1658 2126 1750 Tongres.
2172 1660 2349 1727 Nam

229 1760 417 1831 deleta
449 1778 650 1857 gente
677 1763 1072 1832 Eburonum
1088 1814 1109 1850 ,
1138 1762 1391 1855 Tongri
1423 1763 1763 1855 regionem
1794 1762 2158 1835 incolentes
2184 1778 2253 1834 et
2279 1766 2349 1833 in

227 1892 432 1937 eorum
461 1871 688 1939 locum
718 1869 982 1939 suffecti
1009 1893 1257 1937 nomen
1289 1893 1484 1937 suum
1521 1868 1674 1936 urbi
1698 1869 2051 1963 praecipuae
2084 1870 2344 1941 dedere.

228 1974 384 2045 Urbs
427 1981 856 2072 Tongrorum
891 1978 1182 2071 pertinet
1233 1975 1319 2045 ad
1363 1998 1644 2068 regnum
1683 2000 1865 2045 nunc
1898 1991 2213 2045 vocatum
2248 1980 2349 2047 les

227 2083 620 2175 Pays-Bas,
652 2098 723 2153 et
757 2086 880 2154 sita
915 2097 1017 2152 est
1051 2085 1225 2154 inter
1259 2081 1677 2152 Mastreicht
1703 2096 1773 2149 et
1798 2084 2127 2153 Louvat’n.
2206 2147 2211 2157 .

309 2190 702 2261 AnuA'rucr.
764 2191 996 2279 Quum
1042 2189 1174 2259 hoc
1215 2213 1462 2257 nomen
1505 2186 1739 2281 populi
1780 2191 1961 2258 varie
2012 2191 2343 2260 scribatur

223 2296 374 2388 apud
417 2297 614 2368 codd.
656 2312 726 2366 et
767 2297 942 2385 edd.,
982 2295 1118 2365 scil.
1157 2294 1360 2365 modo
1403 2295 1778 2381 Aduatz‘cz',
1819 2296 2061 2384 modo,
2092 2310 2160 2366 et
2194 2299 2338 2392 qui-

220 2399 350 2491 dem
391 2407 664 2501 saepius,
690 2406 1046 2499 Agmxrlct
1076 2429 1096 2491 ;
1131 2426 1278 2497 quae
1324 2402 1643 2489 varietas,
1682 2402 2004 2491 fatemur,
2046 2406 2116 2472 in
2151 2419 2338 2474 textu

218 2512 608 2583 emendando
639 2537 763 2581 nos
795 2510 1068 2607 effugit3
1092 2511 1224 2579 hoc
1248 2509 1398 2579 loco
1415 2560 1434 2595 ,
1457 2534 1678 2603 operae
1706 2512 1997 2603 pretium
2028 2510 2337 2581 duximus

159 2626 162 2631 '
214 2611 504 2689 lectorem
550 2643 826 2697 monere
841 2671 862 2707 ,
891 2644 978 2700 ne
1003 2631 1194 2712 putet
1224 2616 1521 2685 diversos
1550 2641 1693 2686 esse
1724 2615 1893 2685 duos
1924 2617 2208 2711 populos
2234 2620 2339 2687 his

212 2726 565 2797 nominibus
585 2726 986 2821 designatos.
1006 2725 1239 2793 Unum
1265 2721 1707 2817 eumdemque
1724 2722 2049 2816 populum
2072 2749 2213 2795 esse
2232 2750 2342 2819 pa-

210 2841 313 2920 tet,
336 2847 479 2903 tum
510 2859 594 2903 ex
629 2834 999 2903 caesarianis
1033 2828 1563 2926 expeditionibus
1600 2830 1670 2898 in
1699 2829 1827 2897 hac
1864 2832 2133 2924 regione
2149 2884 2170 2920 ,
2191 2846 2335 2901 tum

211 2959 278 3007 ex
309 2941 510 3035 ipsius
542 2942 803 3011 verbis:
831 2940 1117 3009 vidimus
1150 2940 1328 3020 enim
1371 2936 1414 3005 l.
1462 2960 1549 3024 11,
1575 2939 1649 3005 Β.
1689 2939 1772 3007 G.
1817 2959 1873 3002 c.
1911 2940 1959 3023 4
1989 2961 2003 3004 :
2029 2938 2331 3007 Aduatz'-

209 3068 309 3113 cos
353 3051 526 3117 XIX
571 3050 734 3117 mill.
777 3047 944 3117 ibid.
984 3072 1040 3116 c.
1109 3071 1136 3116 1
1153 3044 1202 3115 6
1245 3072 1268 3115 .·
1312 3049 1714 3139 exspectari
1762 3047 1975 3113 etiam
2028 3046 2105 3115 A
2106 3061 2333 3115 cuatu-

206 3174 410 3225 corum
449 3161 700 3251 copias
712 3143 764 3242 ,⁰
785 3168 909 3223 etc.
949 3154 1102 3225 ibid.
1151 3177 1248 3249 29
1275 3178 1289 3219 :
1330 3152 1673 3222 Aduatioi
1710 3150 1799 3221 de
1836 3150 2083 3244 quibus
2116 3178 2333 3248 supra

205 3266 575 3356 smpsimus
595 3316 619 3350 ,
673 3286 880 3357 quum
921 3259 1236 3331 omnibus
1279 3264 1497 3354 copiis
1553 3259 1819 3329 auxilio
1864 3261 2135 3329 Νεννιὶζς
2170 3256 2333 3355 (qui

207 3388 384 3461 supra
425 3394 484 3451 c.
543 3367 637 3439 16
682 3394 837 3441 cum
891 3368 1318 3437 Atrebatibus
1361 3380 1430 3435 et
1470 3356 1964 3435 Veromanduis
2014 3366 2331 3435 auxilium

204 3474 690 3553 Atuatucorum
713 3468 1224 3571 exspectabant)
1246 3478 1586 3559 venueat,
1611 3486 1735 3543 etc.
1761 3473 2015 3541 Iterum
2040 3488 2108 3541 et
2129 3472 2331 3569 paulo

201 3595 364 3671 post,
391 3609 450 3654 c.
484 3580 528 3653 3
545 3606 573 3652 1
625 3582 920 3677 ejusdem
955 3580 1141 3670 libri,
1167 3582 1585 3651 Aduatucos
1623 3603 1772 3647 esse
1805 3581 2329 3650 conservandos.

203 3686 374 3758 Hanc
406 3692 613 3785 igitur
651 3690 1174 3785 disquisitionem
1211 3687 1486 3758 ulterius
1522 3686 1825 3781 proferre
1861 3684 2094 3755 inutile
2132 3686 2327 3755 foret.

203 3792 412 3865 Unum
449 3810 780 3892 superest,
807 3811 886 3865 ut
921 3795 1008 3865 ad
1030 3818 1267 3865 vocem
1303 3797 1711 3881 ΑΤΠΑΤΠΟΙ,
1734 3818 1881 3887 quae
1915 3792 2327 3886 frequentius
2361 3812 2371 3821 ‘

207 3905 498 3993 occurrit,
535 3918 858 3999 praeterea
885 3901 1223 3973 Ptolemaei
1257 3915 1326 3969 et
1360 3902 1597 3971 Dionis
1632 3902 2025 3969 auctoritate
2061 3900 2325 3989 nititur,

203 4001 488 4083 lectorem
537 4013 955 4081 remittamus
975 4064 996 4099 ,
1027 4010 1459 4079 observantes
1485 4008 1915 4079 Atuatucam
1945 4030 2061 4075 seu
2086 4007 2329 4076 Adua-

199 4126 401 4189 tucam
441 4117 767 4215 populum
809 4144 946 4191 non
980 4142 1124 4187 esse
1167 4113 1716 4185 confundendum
1761 4127 2038 4208 propter
2084 4113 2331 4186 ‚simili-
