3017 5042
579 450 676 523 56
1049 447 1824 525 SUPPLEMENTA
1876 445 2230 540 VARI'A,

573 611 780 654 unum
828 601 1086 656 tantum
1123 613 1458 657 remorum
1506 587 1805 656 ordinem
1836 589 1907 655 in
1947 603 2230 682 utroque
2260 585 2469 656 latere
2505 585 2709 655 habe·

575 691 768 759 bant:
807 693 979 760 inter
1012 694 1288 786 hujusce
1311 696 1571 788 generis
1594 694 1853 787 navigia
1875 709 2065 762 erant
2085 691 2391 788 ἄφρακτοι
2428 687 2711 786 (quibus

577 812 800 866 tamen
827 801 1107 894 puppim
1130 825 1362 868 versus
1396 825 1474 869 ac
1513 824 1781 894 proram
1813 814 2097 869 transtra
2126 799 2429 893 quaedam
2458 812 2711 882 essent,

576 903 754 972 unde
789 907 1148 999 pugnaturi
1184 897 1505 993 starent);
1533 904 1675 974 aliae
1709 919 1962 993 autem,
1996 905 2131 974 scil.
2166 929 2429 1000 magnae
2448 959 2469 993 ‚
2508 904 2713 990 duOS,

575 1009 684 1078 vel
715 1025 848 1079 tres
867 1064 887 1098 ‚
916 1025 1239 1104 quatuor,
1265 1014 1594 1104 quinque,
1629 1025 1745 1078 aut
1773 1009 2029 1104 plures,
2067 1035 2274 1104 usque
2308 1010 2395 1079 ad
2426 1010 2711 1104 quadra·

577 1118 761 1209 ginta
791 1115 1059 1184 ordines
1083 1142 1421 1186 remorum
1453 1117 1792 1184 habebant
1819 1117 1974 1186 :sed
2001 1119 2049 1184 ii
2075 1118 2393 1211 postremi
2416 1139 2457 1182 a
2478 1117 2713 1209 quinto

573 1220 680 1290 vel
725 1236 910 1290 sexto
955 1225 1168 1316 magis
1209 1223 1296 1290 ad
1336 1225 1845 1292 ostentationem
1890 1248 1968 1292 ac
2012 1220 2465 1317 spectaculum
2511 1246 2711 1316 quam

576 1327 660 1395 ad
704 1353 899 1397 usum
937 1331 1318 1422 comparati.

682 1437 784 1501 Ex
827 1436 902 1500 iis
937 1459 1083 1526 quae
1125 1460 1331 1502 unum
1369 1449 1629 1504 tantum
1667 1435 1967 1504 ordinem
2007 1435 2320 1528 utrinque
2354 1433 2713 1520 haberent,

574 1537 906 1634 pleraequc
948 1539 1032 1606 ab
1069 1565 1203 1608 una
1239 1555 1426 1634 parte
1468 1543 1675 1626 XIII,
1709 1539 1814 1607 vel
1841 1541 1974 1608 XV
2003 1542 2201 1608 remis
2228 1539 2714 1624 movebantur,

573 1659 652 1712 ut
669 1644 892 1712 videre
918 1659 1018 1713 est
1041 1645 1221 1740 apud
1251 1648 1521 1739 antiqua
1547 1659 1975 1715 monumenta
1991 1699 2010 1732 ‚
2026 1643 2162 1714 scil.
2182 1669 2499 1713 nummos
2525 1660 2596 1713 et
2621 1643 2713 1711 la·

574 1751 762 1843 pides
790 1776 804 1817 z
835 1775 1049 1843 neque
1079 1765 1306 1820 tamen
1334 1752 1689 1820 defuerunt
1722 1775 1869 1845 quae
1906 1753 2103 1818 remis
2131 1753 2221 1837 L,
2256 1765 2374 1818 aut
2408 1749 2714 1844 pluribus

575 1858 912 1925 instructae
944 1856 1163 1925 forent
1181 1883 1393 1951 usque
1429 1857 1514 1925 ad
1550 1860 1643 1944 C;
1668 1859 1762 1925 ita
1796 1871 1872 1924 ut
1899 1856 2172 1925 dimidia
2185 1879 2341 1950 pars
2368 1856 2573 1949 hujus
2590 1879 2715 1922 nu·

577 1964 741 2029 meri
774 1959 1082 2055 ageretur
1112 1965 1181 2030 in
1204 1989 1342 2031 uno
1376 1962 1581 2030 latere
1594 2017 1615 2048 ‚
1646 1961 1775 2030 alia
1806 1976 2028 2030 autem
2054 1964 2123 2029 in
2155 1960 2385 2030 altero.
2432 1961 2569 2030 Sed
2604 1985 2717 2029 eas

575 2091 780 2136 naves
822 2067 908 2136 ad
960 2070 1472 2170 ostentationem
1527 2070 1619 2136 ita
1662 2067 1995 2137 confectas
2016 2120 2036 2153 ‚
2076 2081 2154 2135 ut
2193 2082 2262 2144 et
2300 2082 2577 2136 caeteras
2633 2067 2719 2134 de

575 2173 816 2266 quibus
862 2197 1092 2266 supra,
1120 2172 1513 2241 crediderim
1541 2199 1556 2239 ε
1589 2197 1743 2240 nam
1769 2187 1875 2242 tot
1900 2175 2099 2241 remis
2124 2197 2262 2241 non
2291 2197 2464 2266 opus
2482 2172 2577 2240 ad
2598 2197 2719 2240 na-

575 2280 755 2370 vigia
779 2277 884 2344 vel
916 2280 1200 2346 maxima
1229 2278 1576 2346 movenda.
1601 2278 1767 2347 Inde
1792 2280 1993 2372 igitur
2018 2279 2124 2346 hae
2150 2266 2351 2346 voces
2376 2281 2721 2352 πεντηκόν-

575 2409 792 2474 τορος,
827 2385 1225 2476 ἑκατόντορος
1244 2437 1264 2471 ,
1309 2387 1376 2452 in
1424 2385 1854 2478 scriptoribus
1894 2386 2139 2476 graecis.
2186 2387 2276 2451 Et
2324 2409 2535 2452 naves
2575 2387 2721 2456 istae

576 2482 866 2556 medium
917 2491 1104 2582 quasi
1158 2490 1472 2557 tenebant
1526 2491 1699 2558 inter
1756 2491 2013 2557 minora
2063 2491 2327 2583 navigia
2347 2542 2368 2576 ,
2421 2515 2719 2583 quorum

570 2595 712 2685 jam
769 2597 1018 2662 mentio
1073 2594 1237 2680 fuit,
1275 2609 1344 2664 et
1387 2597 1640 2688 majora
1663 2649 1683 2682 ,
1731 2598 2142 2687 κατάφρακτοι
2166 2648 2186 2681 ,
2240 2593 2551 2688 plurimis
2603 2621 2721 2664 re-

576 2724 841 2768 morum
887 2699 1230 2768 ordinibus
1281 2702 1637 2786 instructa,
1678 2699 1762 2768 de
1817 2701 2055 2792 quibus
2107 2701 2245 2792 jam
2300 2700 2551 2769 dicturi
2594 2727 2722 2770 su-

575 2831 763 2891 muS,
804 2820 1155 2899 postquam
1199 2805 1282 2873 de
1325 2806 1639 2874 Liburnis
1681 2807 1865 2897 prius
1916 2803 2217 2873 nonnihil
2278 2808 2723 2900 attigerimus,

577 2910 900 2980 liburnae
924 2963 947 2995 ‚
997 2935 1131 3002 quo
1185 2914 1452 2992 nomine
1508 2910 1844 2978 multoties
1892 2903 2335 3004 insigniuntur
2388 2913 2727 3005 generali-

577 3031 684 3084 ter
727 3038 1016 3083 romanae
1058 3040 1262 3084 naves
1280 3069 1300 3101 ‚
1333 3030 1553 3083 tamen
1591 3013 1979 3107 plerumque
2016 3017 2278 3107 navigia
2319 3016 2493 3085 levia
2524 3035 2729 3088 erant

579 3135 650 3189 et
678 3118 1146 3212 exploratoria‚
1183 3145 1328 3213 quae
1366 3124 1434 3189 in
1469 3121 1709 3213 pugnis
1748 3118 2093 3188 navalibus
2132 3146 2271 3189 non
2302 3121 2725 3193 adhibeban-

579 3241 710 3294 tur.
773 3225 903 3292 Sed
957 3239 1025 3292 et
1079 3225 1362 3318 majores
1415 3239 1605 3292 erant
1652 3221 1936 3292 classicae
1989 3239 2057 3294 et
2104 3226 2371 3319 quidem
2427 3254 2727 3299 numero

579 3333 880 3424 ingentes
923 3329 1009 3397 de
1061 3330 1298 3422 quibus
1345 3331 1697 3421 VegetiuS,
1740 3327 1849 3396 lib.
1890 3332 1989 3418 V,
2021 3355 2165 3424 cap.
2212 3355 2251 3425 7
2301 3358 2318 3399 t
2360 3323 2583 3424 Quod
2624 3337 2736 3404 ad

577 3435 1112 3528 magm‘tudinem
1116 3441 1450 3529 pertinet,
1474 3438 1769 3503 minimae
1788 3435 2075 3502 liburnae
2093 3461 2430 3506 remorum
2455 3440 2735 3510 habent

574 3542 881 3634 smgulos
905 3541 1176 3609 ordines
1184 3567 1212 3626 ,⁰
1210 3542 1438 3634 paulo
1464 3538 1761 3628 mcy‘ores
1790 3539 1985 3608 binos
1990 3567 2017 3624 ,-
2036 3541 2306 3610 idoneae
2330 3567 2721 3633 mensurae,

578 3665 808 3715 ternos
828 3700 851 3733 ,
881 3647 1001 3714 vel
1026 3661 1428 3738 quaternos,
1476 3643 1807 3711 interdum
1847 3651 2091 3737 quinos
2116 3652 2501 3716 sortiuntur
2525 3659 2729 3721 remi-

571 3776 736 3846 gum
786 3751 1070 3844 gradus.
1113 3753 1220 3817 Ita
1261 3751 1491 3843 igitur,
1546 3750 1599 3816 si
1640 3747 1725 3815 ad
1760 3773 1951 3816 usum
1995 3749 2509 3844 respiceremus,
2550 3757 2727 3826 nihil

580 3854 976 3925 differebant
1012 3855 1100 3923 ab
1123 3853 1264 3922 aliis
1299 3853 1659 3945 majoribus
1693 3855 2002 3941 navibu5‚
2030 3858 2155 3924 nisi
2176 3857 2397 3926 forma
2423 3858 2726 3956 longiori

581 3976 650 4028 et
684 3961 1031 4029 velocitate
1063 3961 1318 4028 eximia.

683 4066 973 4158 Majores
1007 4089 1214 4135 naves
1254 4063 1553 4158 pluribus
1590 4090 1925 4134 remorum
1975 4066 2323 4137 ordinibus
2364 4071 2725 4141 instructae
