3017 5042
844 445 1717 514 GEoGRAPmcUs.
2205 453 2351 548 387

200 576 489 646 enrichis
518 596 641 670 par
668 575 732 644 la
762 575 1061 669 quantite
1092 576 1175 645 de
1200 575 1538 646 medailles
1569 576 1714 646 d’or
1739 593 1807 646 et
1830 578 2136 673 d’argent
2165 598 2348 654 trou-

202 683 389 770 νέες,
426 684 557 752 soit
592 707 677 750 en
718 682 1073 752 labourant
1106 682 1169 752 la
1201 698 1410 770 terre,
1454 686 1582 752 soit
1609 709 1694 752 en
1733 683 1794 753 la
1835 702 2146 756 creusam:
2179 715 2354 783 pour

196 815 239 882 y
275 805 557 858 trouver
602 787 720 858 des
760 789 987 860 trufes.
1034 789 1091 857 ΙΙ
1130 811 1357 859 assure
1400 815 1530 884 que
1577 791 1742 860 dans
1779 790 1840 860 le
1883 793 2220 864 cimetiere
2265 797 2350 866 de

202 899 505 990 Veyrae‚
534 896 701 964 ainsi
726 894 838 989 qu’
839 920 926 964 au
967 897 1250 966 chateau
1276 911 1348 964 et
1376 921 1509 966 aux
1547 921 1734 968 murs
1767 884 1830 967 d'
1839 925 1929 968 un
1975 901 2171 969 vieux
2207 927 2350 971 mo-

198 1003 497 1089 nutem,
520 1025 614 1072 on
644 1003 869 1096 voyait
896 1027 1139 1072 encore
1190 1005 1477 1080 nombre
1521 1004 1606 1070 de
1655 1006 1904 1098 pierres
1949 1005 2352 1100 sepulcrales

196 1123 261 1176 ct
310 1109 625 1202 antiques
670 1111 783 1203 qui
830 1135 875 1177 n
877 1107 1159 1180 ’avaient
1206 1135 1297 1202 pu
1344 1111 1486 1178 etre
1533 1113 1844 1180 extraites
1895 1135 2026 1206 que
2075 1112 2168 1181 du
2201 1141 2359 1210 puy

194 1216 245 1284 d
248 1216 527 1284 'Issol-t.
566 1233 601 1266 >³

294 1325 457 1418 Ego
486 1346 624 1390 non
651 1321 922 1415 judicis,
951 1322 1068 1392 sed
1104 1321 1235 1392 litis
1266 1323 1632 1417 cognitoris
1657 1325 1726 1390 in
1751 1321 1878 1394 hac
1893 1350 2102 1396 causa
2127 1343 2350 1422 partes

194 1452 360 1522 ago:
404 1442 854 1525 quapropter,
886 1442 1189 1523 superest
1220 1429 1381 1498 mihi
1416 1443 1492 1498 ut
1527 1446 1922 1522 argumenta
1948 1432 2252 1529 colligam
2284 1451 2351 1503 et

194 1534 659 1606 conclusiones
685 1559 867 1604 meas
889 1537 959 1604 in
978 1534 1270 1604 medium
1297 1535 1600 1606 afferam.
1623 1538 1936 1624 Quatuor
1959 1553 2220 1610 tantum
2239 1567 2349 1610 ca-

193 1643 327 1734 pita
354 1642 719 1736 attingam,
736 1656 811 1710 et
823 1641 1093 1735 quidem
1111 1640 1362 1710 leviter.
1398 1667 1423 1710 1
1440 1641 1463 1664 ⁰
1482 1627 1738 1711 Montis¹
1761 1643 1921 1713 dieti
1941 1647 2008 1713 le
2015 1671 2168 1740 puy
2181 1648 2236 1717 d
2241 1650 2354 1717 'Is-

188 1751 346 1818 solu
378 1750 545 1818 situs
572 1747 663 1816 ad
692 1748 1179 1842 expeditionem
1220 1751 1430 1843 magis
1468 1751 1819 1834 convenit3
1863 1751 1937 1818 2⁰
1972 1754 2351 1849 Descriptio

194 1857 445 1925 montis
494 1857 561 1923 le
607 1879 763 1950 puy
798 1854 1103 1942 d'Issolu
1150 1857 1361 1949 magis
1414 1879 1569 1924 cum
1617 1856 1918 1924 Hit-tiana
1967 1863 2350 1928 narratione

188 1983 571 2056 congruere
612 1960 915 2045 videtur-3
966 1959 1041 2032 δ’
1078 1963 1344 2030 Nomen
1388 1959 1794 2034 Uxelloduni
1837 1988 2048 2057 prope
2093 1965 2351 2036 nullum

186 2069 401 2138 dubio
424 2066 651 2138 locum
678 2066 1023 2162 relinquit;
1052 2067 1129 2153 4⁰
1143 2071 1590 2138 Monumenta
1617 2069 2030 2162 antiquitatis
2055 2087 2352 2166 reperta,

187 2201 399 2269 quum
437 2177 573 2244 sint
608 2177 993 2242 communia
1026 2175 1293 2268 utrique
1330 2174 1510 2261 loco,
1545 2174 1682 2244 scil.
1717 2176 1925 2246 Podio
1955 2178 2348 2250 Exeloduno

187 2298 255 2355 et
290 2280 705 2376 Capdenaco
724 2335 743 2365 ‚
784 2305 1025 2375 parum
1062 2281 1317 2350 faciunt
1358 2281 1443 2350 ad
1486 2307 1648 2350 rem.

308 2411 335 2458 ι
354 2387 378 2412 ⁰
407 2391 678 2457 Montis
698 2387 877 2456 dz'cti
906 2389 971 2456 le
988 2411 1149 2483 puy
1176 2389 1483 2456 d'lssolu
1510 2394 1685 2456 setus
1701 2389 1823 2458 ad
1843 2391 2350 2486 expedictbnem

185 2501 419 2590 magis
458 2499 793 2564 convena.
850 2495 1021 2584 Quae
1064 2507 1209 2562 erat
1249 2496 1427 2565 enim
1486 2517 1678 2562 mens
1719 2494 1969 2563 ducum
2017 2497 2347 2590 gallorum

184 2615 347 2700 post
392 2600 623 2696 fugam
668 2600 755 2670 ad
798 2599 1133 2694 Ligerim?
1174 2602 1345 2669 Sane
1383 2614 1457 2667 ut
1490 2615 1824 2668 extremas
1856 2600 2088 2672 Gauiae
2125 2621 2348 2698 partes

185 2722 531 2806 peterent,
560 2722 759 2800 atque
786 2707 942 2776 inde
968 2707 1381 2801 provinciam
1414 2705 1930 2800 popularentur3
1961 2709 2078 2776 sed
2104 2711 2188 2777 ab
2220 2711 2347 2779 hac

185 2841 307 2911 spe
346 2814 597 2908 dejecti
632 2813 971 2882 celeritate
1010 2815 1315 2900 Caninii,
1365 2813 1530 2907 quid
1577 2827 1740 2881 tune
1784 2815 1877 2882 eis
1921 2830 2066 2883 erat
2103 2815 2346 2886 facien-

182 2923 353 2994 dum
374 2973 395 3006 ‚
444 2922 571 2990 nisi
614 2935 691 2988 ut
730 2927 803 2989 ia
844 2927 1037 3014 agris
1085 2919 1550 2991 Cadurcorum
1593 2925 2045 2990 consisterent
2061 2976 2082 3006 ,
2148 2938 2347 3017 atque

183 3031 281 3100 ibi
318 3030 743 3098 occasionem
780 3051 957 3096 nova
992 3025 1269 3096 consilia
1311 3025 1586 3094 ineundi
1613 3041 1812 3120 atque
1849 3025 2097 3097 bellum
2139 3055 2343 3099 reno-

186 3135 398 3206 vandi
434 3132 943 3228 exspectarent?
988 3135 1210 3222 Quem
1255 3147 1477 3232 autem
1521 3132 1744 3201 locum
1782 3132 1868 3201 ad
1910 3133 1977 3200 id
2013 3159 2344 3230 peragen-

180 3244 353 3312 dum
400 3240 677 3335 seligere
712 3241 1123 3332 debuerunt,
1161 3241 1287 3310 nisi
1332 3265 1486 3309 eum
1532 3243 1750 3333 ipsum
1771 3292 1790 3325 ‚
1833 3265 1966 3333 quo
2003 3242 2342 3312 civitatem

124 3415 134 3438 ‚
181 3349 660 3419 Cadurcorum
691 3349 830 3441 jam
878 3349 1037 3442 ipsis
1089 3373 1209 3441 per
1257 3347 1646 3417 Lucterium
1705 3345 1979 3435 devota,
2033 3347 2346 3418 defende·

182 3471 339 3526 rent
362 3509 382 3542 ‚
421 3469 625 3548 ,atque
660 3452 856 3524 simul
888 3479 1047 3522 eum
1084 3455 1401 3522 Arvernis
1422 3508 1441 3539 ‚
1484 3453 1799 3541 Rutenis,
1839 3454 2234 3524 Petmcoriis
2271 3472 2341 3525 et

181 3563 539 3658 Aquitanis
584 3562 1219 3632 communicationes
1263 3575 1607 3629 servarent
1655 3574 1724 3628 et
1769 3562 2172 3629 commercia
2205 3587 2344 3656 per

179 3670 415 3738 literas
455 3691 537 3736 ac
572 3669 843 3740 nuntios
880 3667 963 3736 ad
1000 3691 1177 3736 nova
1212 3667 1463 3735 foedera
1497 3664 1897 3737 sancienda?
1929 3668 2032 3734 Ex
2076 3667 2340 3738 duobus

178 3776 385 3859 locis,
416 3776 480 3844 le
504 3799 659 3873 puy
682 3775 1019 3858 d'Issolu‚
1054 3772 1139 3842 ad
1156 3775 1528 3868 ingressum
1557 3773 1739 3842 orbis
1759 3771 2122 3843 Cadur-cini
2145 3776 2343 3860 situS,

182 3897 566 3976 naturaque
594 3879 1207 3976 praemunuissimus
1223 3929 1243 3963 ‚
1257 3878 1609 3952 militarem
1625 3893 1804 3948 certe
1818 3880 2215 3973 positionem
2239 3882 2340 3950 of-

182 3990 323 4058 fert
339 4041 359 4078 ‚
381 4011 537 4083 quae
568 3986 674 4056 vel
693 3987 1041 4058 Gallorum
1060 3987 1323 4081 ingenia
1340 4039 1359 4071 ‚
1374 3986 1532 4055 licet
1543 4001 1690 4056 tum
1710 3985 2050 4054 obtusiora
2064 4039 2085 4074 ,
2108 3986 2340 4082 sugere

180 4121 325 4168 non
370 4094 626 4166 debuit.
682 4093 1055 4194 Capdenac
1094 4107 1329 4164 contra
1364 4094 1434 4162 in
1471 4106 1704 4164 centro
1741 4093 1955 4188 posita
1993 4117 2126 4162 non
2163 4107 2340 4162 eam·

1845 4223 1984 4294 25²
