3017 5042
468 487 477 495 ·
552 463 695 548 148
1030 460 1487 531 NOTITIA
1555 457 2224 528 LITTERARIA

539 593 923 688 exemplum
941 591 1141 681 fidei
1161 592 1470 688 publicae
1483 645 1505 678 ,
1554 590 1837 660 Viterbii
1863 643 1881 676 ,
1922 605 2001 658 ut
2041 591 2260 679 aiunt,
2307 593 2661 667 inventum

540 701 721 820 quod
740 698 997 768 dederit
1018 701 1242 770 Caesar
1271 695 1642 785 Ciceroni¹‚
1677 711 1993 792 tanquam
2026 698 2325 792 spurium
2356 698 2708 792 rejiciunt,

539 809 655 902 qui
691 807 1065 900 fragmenta
1100 805 1254 875 Julii
1284 807 1565 875 Caesaris
1603 801 2031 899 collegemnt.
2075 805 2158 871 In
2199 807 2453 874 Ferreti
2481 806 2705 874 Musis

538 913 871 1009 lapidariis
895 915 1025 1000 lv,
1061 910 1148 981 31
1181 966 1200 1001 ‚
1222 938 1289 1006 Ρ.
1333 908 1522 997 263,
1551 911 1673 980 sub
1702 908 1858 979 Julii
1885 911 2163 982 Caesaris
2193 913 2462 982 nomine
2487 910 2706 1008 leget,

541 1021 655 1116 qui
690 1019 911 1108 volet,
949 1019 1159 1088 hocce
1204 1017 1539 1087 distichon
1584 1045 1598 1086 :

784 1167 1002 1228 Feltria
1033 1179 1325 1245 perpetuo
1354 1167 1609 1226 nimium
1635 1165 1916 1224 damnata
1945 1164 2140 1242 rigore
2156 1207 2175 1235 ‚

864 1271 1039 1326 Forte
1071 1264 1219 1322 mihi
1246 1264 1493 1344 posthac
1521 1283 1645 1322 non
1667 1261 1979 1334 adeunda,
2011 1262 2162 1322 vale.

537 1415 816 1487 Nullum
840 1440 1106 1509 quoque
1129 1429 1343 1484 exstat
1381 1417 1741 1510 genuinum
1771 1414 2096 1508 ejusmodi
2121 1417 2197 1483 C.
2224 1413 2382 1483 Julii
2415 1415 2704 1486 Caesaris

538 1537 1016 1593 testamentum
1035 1574 1058 1609 ‚
1096 1522 1278 1616 quod
1306 1526 1381 1592 L.
1414 1527 1672 1592 Pisone
1695 1547 1932 1591 soc-ero
1963 1526 2322 1592 recitatum
2351 1525 2422 1590 in
2447 1521 2654 1591 domo
2666 1577 2696 1610 ,
2790 1516 2800 1527 ’

538 1630 762 1700 idibus
792 1629 1228 1724 septembres,
1260 1627 1463 1698 refert
1490 1629 1721 1699 titulus
1751 1628 2124 1726 adscriptus
2152 1630 2222 1700 in
2253 1627 2702 1700 instrumento

538 1736 853 1832 plenariae
904 1737 1272 1806 securitatis
1296 1735 1340 1824 ²,
1389 1736 1573 1832 quod
1629 1739 1700 1805 in
1748 1737 1996 1805 cortice
2047 1760 2165 1805 seu
2209 1759 2466 1835 papyro
2515 1761 2700 1831 aegy-

540 1846 761 1938 ptiaca
785 1844 1103 1937 scriptum
1121 1868 1178 1911 a.
1200 1846 1279 1913 C.
1309 1840 1485 1929 564,
1506 1858 1812 1913 servatur
1833 1844 1903 1912 in
1921 1841 2236 1911 Biblioth.
2262 1844 2472 1938 Regia
2492 1844 2702 1912 Paris.

541 1951 715 2021 Vide
742 1954 843 2019 Jo.
879 1949 1343 2018 Mabillonium
1383 1949 1465 2018 de
1509 1975 1582 2018 re
1621 1949 2051 2044 diplomatica
2094 1975 2159 2046 p.
2208 1945 2356 2033 344
2397 1963 2464 2018 et
2510 1947 2704 2037 4603

630 2162 654 2196 1
665 2184 677 2195 .
694 2145 904 2196 Reines.
918 2142 1087 2213 Epist.
1112 2141 1183 2196 ad
1208 2141 1578 2194 Hofmannum

524 2242 666 2300 1³³3·
699 2228 834 2292 ⁶77·

634 2323 684 2356 a.
715 2301 832 2354 Hoc
863 2305 1223 2353 instrumentum
1248 2301 1488 2370 plenaria·
1510 2321 1581 2352 se-

549 2385 769 2434 curitatis
789 2399 873 2433 an.
904 2382 975 2433 38
1002 2383 1034 2432 J
1038 2381 1291 2433 ustiniani
1324 2381 1578 2452 Imperat.

549 2462 810 2532 scriptum
846 2479 873 2511 a
926 2461 1171 2514 Gratiano
1212 2458 1447 2531 quodam
1465 2500 1480 2525 ,
1524 2461 1580 2512 in

550 2560 706 2595 causa
720 2538 1029 2594 hereditatis
1046 2539 1112 2592 ad
1134 2538 1299 2592 fldem
1318 2539 1549 2592 dandam
1564 2581 1579 2606 ,

550 2621 909 2693 compositum
949 2632 1029 2672 est
1072 2639 1118 2673 a.
1161 2620 1222 2672 C.
1276 2621 1387 2683 564
1414 2639 1431 2685 ;
1477 2639 1582 2691 qua

552 2713 706 2754 aetate
726 2700 906 2771 lingua
928 2699 1115 2752 Latina
1132 2703 1241 2770 jam
1258 2701 1316 2752 in
1342 2701 1584 2754 Italicam

553 2780 843 2834 desciscere
883 2779 1173 2852 incipiebat
1188 2819 1203 2844 ,
1237 2793 1295 2832 ut
1334 2793 1583 2833 notatum

553 2861 809 2914 Salmasio
852 2860 1077 2914 Observ.
1122 2858 1189 2912 ad
1225 2862 1311 2930 jus
1344 2861 1583 2912 Atticum

552 2959 673 3012 pag.
705 2946 809 3008 174
829 2977 845 3005 ,
874 2953 926 2992 et
943 2939 1011 2992 de
1030 2939 1370 2992 Helienistica
1390 2959 1442 3012 p.
1477 2960 1505 2992 2
1519 2943 1548 2993 3
1567 2981 1582 3006 ,

559 3021 632 3074 38
652 3039 667 3084 ;
694 3020 927 3089 vulgavit
956 3020 1175 3072 Gabriel
1193 3020 1244 3072 N
1248 3019 1460 3072 audaeus
1481 3022 1586 3072 Ro-

556 3117 659 3154 mae
694 3100 841 3151 1630
862 3137 877 3163 ‚
909 3103 1045 3161 1641
1067 3138 1083 3164 ,
1110 3107 1179 3164 4,
1211 3112 1263 3152 et
1298 3112 1420 3152 ante
1444 3101 1586 3152 Nau-

558 3178 737 3232 daeum
767 3173 943 3248 (quod
961 3181 1137 3250 ipsum
1166 3179 1433 3252 fugiebat)
1454 3181 1584 3232 Bar-

556 3260 722 3314 nabas
760 3259 1058 3311 Brissonius
1098 3278 1184 3312 an.
1231 3260 1374 3314 1582
1394 3299 1409 3324 ,
1443 3260 1584 3311 libro

555 3339 640 3390 vl
656 3379 671 3406 ‚
699 3337 767 3390 de
792 3339 1036 3390 formulis
1062 3333 1294 3410 antiquis
1316 3341 1584 3391 Romano·

556 3439 683 3477 rum
709 3436 832 3488 pag.
870 3421 973 3472 581
996 3458 1013 3485 ‚
1038 3421 1133 3490 qui
1158 3419 1293 3471 illud
1324 3419 1529 3489 accepit
1555 3439 1583 3470 a

558 3499 840 3555 Gosselino
866 3499 1119 3552 Biblioth.
1136 3502 1289 3570 regiae
1310 3499 1580 3572 praefecte.

552 3579 811 3634 Brissonii
846 3580 1207 3652 apographum
1255 3578 1584 3631 emendatius

532 3679 667 3713 esse
690 3671 913 3712 testatur
942 3658 1136 3711 Paulus
1164 3658 1495 3712 Colomesius
1526 3659 1584 3710 in

534 3740 782 3794 miscell.
801 3737 1106 3803 Ηίθεοι-ἱεὶς,
1135 3758 1252 3810 pag.
1287 3741 1357 3792 23
1378 3740 1585 3812 :Ayant

556 3821 750 3886 confie're'
775 3823 806 3870 ὰ
841 3820 987 3870 Paris
1034 3839 1108 3871 ces
1147 3819 1274 3870 deux
1307 3823 1489 3889 copies,
1529 3823 1582 3886 je

556 3912 719 3952 trouve
733 3919 823 3972 que
834 3899 951 3950 celle
964 3899 1031 3950 du
1036 3899 1283 3969 president
1292 3900 1496 3954 Brisson
1510 3913 1584 3951 est

552 4000 618 4031 un
633 4000 727 4050 peu
750 3980 988 4032 meilleur-e
1000 3999 1091 4052 que
1114 3980 1321 4042 l’qutre,
1344 3985 1427 4052 qui
1442 3984 1583 4032 ‘nient

536 4073 779 4134 pout-tant
806 4060 873 4112 du
904 4068 1047 4110 me'me
1078 4059 1173 4111 lieu
1186 4100 1201 4123 ,
1233 4065 1351 4112 mais
1376 4065 1463 4133 qui
1489 4062 1578 4112 n'a

540 4160 635 4210 pas
666 4145 743 4192 efte'
758 4142 891 4206 saite
924 4159 1039 4191 avec
1070 4152 1177 4194 tane
1206 4140 1267 4194 de
1292 4145 1399 4194 sain
1417 4179 1434 4204 ,
1464 4142 1575 4194 bien

1667 2159 1758 2212 que
1783 2141 1912 2210 ςἀἰτ
1937 2144 2017 2192 e'te'
2031 2159 2132 2210 par
2153 2139 2335 2191 I'ordre
2367 2139 2436 2192 du
2475 2139 2709 2192 cardinal

1665 2221 1727 2272 de
1754 2221 1956 2292 Bagny.
1994 2221 2134 2272 Ante
2175 2219 2507 2292 Brissoniuup
2537 2220 2705 2274 etiam

1667 2298 1909 2353 ediderat
1933 2301 2123 2352 Petrus
2152 2299 2326 2354 Hamo
2355 2318 2496 2352 anno
2529 2301 2707 2357 1566.

1667 2379 1968 2433 Novissime
2003 2378 2149 2432 idem
2184 2379 2600 2433 instrumentum
2631 2379 2704 2434 ad

1667 2460 2058 2532 autographum
2103 2477 2409 2531 expressum
2452 2473 2708 2514 accurato

1669 2538 1846 2593 studio
1881 2540 2079 2593 iterum
2115 2539 2349 2610 vulgavit
2389 2541 2702 2612 explicavit-

1669 2639 1774 2691 que
1789 2621 1824 2671 J
1825 2639 1876 2673 o.
1893 2619 2242 2672 mabillonius
2257 2620 2316 2672 in
2329 2620 2708 2692 supplemento

1669 2699 1736 2755 ad
1751 2719 1887 2771 opus
1895 2697 1964 2754 de
1972 2719 2032 2754 re
2047 2698 2389 2772 diplomatica
2401 2701 2575 2773 capite
2587 2719 2671 2754 111
2683 2740 2705 2767 ,

1670 2780 1838 2833 Paris.
1871 2798 1956 2834 an.
1993 2785 2173 2852 1704,
2201 2780 2292 2834 fol.
2326 2799 2381 2851 p.
2413 2781 2486 2851 73
2517 2793 2571 2834 et
2604 2800 2701 2849 9⁰·

1670 2858 1815 2912 Vide
1845 2860 2006 2913 etiam
2033 2879 2087 2932 p.
2123 2859 2193 2912 55
2225 2879 2333 2931 seq.
2373 2872 2426 2912 et
2457 2860 2704 2914 Barthol.

1670 2938 2026 2992 Gen-monium
2042 2939 2094 2992 S.
2115 2941 2160 2992 Ῑ.
2182 2937 2250 2994 de
2263 2940 2527 2993 haereticis
2549 2939 2702 2993 codi-

1671 3038 1794 3072 cum
1809 3019 2055 3072 Ecclesiae
2069 3019 2476 3092 corruptoribus
2488 3039 2552 3092 p.
2562 3027 2596 3084 4
2605 3026 2697 3090 49.

1671 3099 1961 3152 character
1984 3097 2128 3151 idem
2157 3098 2433 3152 literarum
2449 3138 2465 3163 ,
2495 3101 2591 3170 qui
2617 3119 2704 3153 ot>

1671 3179 1840 3232 currit
1869 3180 1927 3232 in
1951 3183 2262 3232 instrumento
2276 3180 2570 3232 venditionis
2579 3181 2702 3247 fun-

1670 3259 1840 3310 dorum
1863 3260 2064 3330 scripto
2085 3261 2350 3314 Ravenna
2368 3260 2699 3333 temporibus

1669 3339 1870 3392 Justini
1885 3339 2114 3410 junioris
2143 3359 2226 3392 an.
2247 3339 2347 3394 Ch.
2375 3341 2520 3410 5723
2551 3337 2698 3412 quod

1671 3419 1727 3470 in
1753 3437 1960 3490 papyro
1982 3420 2092 3472 sive
2113 3419 2308 3472 cortice
2333 3420 2588 3491 AEgyptio
2616 3437 2700 3472 ex-

1671 3512 1772 3554 stat
1804 3498 1947 3571 apud
1979 3499 2240 3552 illustrem
2268 3499 2448 3554 virum
2480 3500 2515 3550 J
2518 3511 2696 3552 ustum

1671 3579 2031 3632 Fontaninum
2045 3617 2060 3644 ,
2075 3591 2128 3631 et
2140 3582 2290 3651 eujus
2305 3581 2570 3652 specimen
2583 3580 2696 3634 vul-

1668 3660 1811 3730 gavit
1839 3659 2122 3730 Philippus
2141 3679 2170 3711 a
2191 3659 2366 3712 Turre
2399 3657 2690 3712 eruditissi-

1669 3759 1788 3795 mus
1824 3740 2119 3810 Episcopus
2162 3758 2336 3811 nuper
2383 3737 2657 3793 Adriensis
2674 3777 2692 3804 ,

1669 3820 1724 3871 in
1745 3819 1883 3872 Diss.
1904 3819 2242 3890 Apologetica
2271 3819 2339 3871 de
2365 3821 2517 3872 annis
2532 3820 2693 3890 impe·

1665 3900 1737 3952 rii
1781 3901 1860 3952 M.
1896 3900 2098 3954 Aurelii
2137 3901 2394 3952 Antonini
2423 3898 2692 3971 Elagabeli

1669 3979 1849 4035 Patav.
1885 3982 2054 4050 1713,
2083 3985 2118 4043 4
2137 4019 2154 4043 ,
2176 4001 2232 4052 p.
2263 3987 2366 4043 142
2387 3999 2404 4046 3
2423 3979 2559 4032 adde
2574 3980 2692 4031 Dia·

1667 4059 1810 4112 rium
1851 4061 2120 4114 Venetam
2156 4058 2492 4116 eruditorum
2525 4059 2690 4114 Italiae

1665 4152 1795 4194 tom.
1825 4141 1989 4207 XVI,
2015 4160 2136 4212 pag.
2172 4141 2300 4205 134.
