3017 5042
586 376 735 496 ‘4'24
1277 405 1988 476 DlssE-RTATIO

510 535 515 541 ¹
584 542 931 612 coaetaneis
972 540 1193 628 Plinii,
1223 535 1391 609 nihil
1422 539 1546 608 nisi
1588 554 1788 608 tenue
1817 541 2176 631 vestigium
2223 535 2424 606 fuerit
2457 563 2712 632 magnae

583 647 920 741 quondam
949 645 1165 731 urbeis,
1190 643 1296 714 vel
1317 646 1547 740 magni
1573 642 2000 738 opulentique
2023 643 2279 738 oppidi.
2314 645 2720 738 Congruunt

585 755 758 822 inter
776 778 844 822 se
856 750 1501 848 appellationes,ope
1516 752 1698 820 vocis
1716 748 2089 845 quondam,
2113 773 2244 842 qua
2265 764 2450 818 certo
2471 774 2612 819 rem
2632 750 2724 820 ad

586 858 763 929 idem
788 874 1053 954 tempus
1078 858 1375 927 referunt
1394 872 1528 926 tres
1557 855 1652 925 illi
1667 856 2040 950 scriptores.
2069 852 2258 924 Adde
2277 854 2459 950 quod
2476 856 2719 924 Avari-

586 990 741 1034 cum
768 989 905 1034 uno
940 989 1019 1034 ac
1060 963 1294 1033 eodem
1322 962 1780 1059 paragrapho,
1812 960 1879 1029 id
1903 975 2024 1048 est,
2047 962 2117 1029 in
2139 961 2374 1030 eodem
2402 963 2722 1056 temporis

584 1069 867 1140 articulo
890 1124 911 1159 ,
951 1085 1301 1165 utramque
1352 1082 1796 1164 consequatur
1843 1066 2353 1163 appellationem
2375 1121 2394 1154 ,
2449 1081 2518 1136 et
2557 1067 2720 1136 nihil

588 1176 892 1273 profecto
930 1175 1113 1244 dubii
1152 1176 1507 1270 supererit,
1529 1175 1690 1269 quin
1721 1173 1823 1244 Cl.
1852 1175 2166 1244 Dulaure
2197 1197 2236 1242 a
2271 1174 2529 1243 sincero
2565 1165 2719 1242 ver-

588 1285 829 1354 borum
861 1307 1057 1352 sensu
1080 1305 1366 1377 prorsus
1396 1279 1647 1351 alienus
1691 1281 1792 1369 sit.
1821 1283 1979 1351 Non
2009 1293 2154 1348 erat
2186 1281 2423 1374 igitur,
2451 1304 2574 1348 cur
2605 1279 2718 1348 ad·
2791 1297 2802 1310 ·

586 1414 855 1458 versum
881 1391 1211 1460 Caesarem
1236 1389 1648 1478 mussitaret,
1669 1410 1953 1481 eumque
1981 1388 2348 1455 temerariae
2373 1385 2722 1455 locutionis

592 1499 955 1582 incusaret,
997 1493 1178 1590 quod
1222 1495 1582 1564 Avaricum
1609 1518 1746 1562 non
1772 1517 2034 1587 semper
2070 1491 2426 1588 oppidum,
2461 1492 2580 1562 sed
2613 1517 2721 1562 ur-

594 1602 742 1671 bem
778 1602 976 1670 etiam
1016 1601 1271 1684 dixerit.

698 1709 1009 1776 Attamen
1051 1709 1272 1786 Caesar
1311 1722 1600 1802 quantus
1636 1720 1773 1792 est,
1811 1704 1979 1774 nihil
2021 1707 2144 1774 nisi
2181 1705 2359 1774 falsa·-
2379 1703 2724 1798 eloquendi

594 1837 837 1908 genera
859 1813 1143 1908 profert,
1167 1815 1281 1909 qui
1294 1814 1377 1883 de
1390 1813 1737 1908 'Gergovia
1758 1837 1944 1905 aeque
1959 1835 2039 1881 ac
2062 1810 2145 1881 de
2157 1809 2380 1880 Alesia
2403 1810 2727 1882 audaculo
2771 1827 2776 1830 '

596 1920 886 2013 quodam
927 1922 1249 1991 sermonis
1290 1920 1501 1988 abusu
1538 1911 1872 2014 scripserit
1887 1970 1906 2006 ,
1939 1932 2316 2014 prospecto
2359 1918 2548 1986 urbis
2576 1923 2723 1987 situ.

588 2025 699 2096 ‘Cl.
754 2027 1067 2120 Dulautje
1108 2026 1202 2097 illi
1250 2024 1497 2097 bellum
1545 2025 1781 2095 indicit
1825 2049 2026 2118 quam
2079 2026 2522 2118 asperrimum
2560 2050 2576 2093 ε
2611 2049 2728 2092 nec

598 2155 823 2219 mora3
866 2130 1266 2202 locutionem
1308 2132 1691 2228 aggreditur
1704 2186 1724 2221 ,
1755 2155 2035 2224 eamque
2065 2132 2310 2200 Caesari
2343 2129 2727 2203 familiarem

599 2237 797 2308 fuisse
822 2236 1143 2326 declarat,
1165 2239 1279 2333 qui
1296 2239 1532 2307 urbem
1560 2236 1880 2334 appellat,
1905 2262 2052 2330 quae
2071 2261 2209 2306 non
2227 2237 2386 2305 urbs
2405 2252 2508 2306 est
2521 2289 2542 2326 ,
2555 2235 2732 2306 nulla

600 2342 834 2413 Alesiae
865 2345 1355 2438 Gergoviaeque
1384 2343 1594 2414 status
1634 2344 1890 2412 ratione
1933 2342 2180 2412 habita.
2228 2344 2414 2432 Quin
2457 2343 2560 2413 Cl.
2589 2346 2732 2414 Du.-

602 2451 797 2518 laure
832 2450 1174 2544 opinatur,
1208 2451 1384 2521 hanc
1416 2476 1654 2520 vocem
1691 2449 1926 2520 eodem
1951 2475 2149 2520 sensu
2179 2435 2316 2518 fere
2348 2465 2734 2544 usurpatam

602 2581 744 2626 esse
769 2609 789 2642 ,
827 2581 961 2650 quo
1010 2556 1195 2629 ‚orbis
1214 2611 1238 2644 ,
1281 2572 1352 2626 et
1409 2555 1640 2651 gallice
1689 2556 2078 2626 vertendam
2129 2555 2736 2638 arrondcksement,

590 2686 807 2758 pays,
838 2653 1104 2757 re'gion;
1129 2660 1235 2732 vel
1267 2663 1646 2758 germanice
1672 2665 1947 2749 Bezirlc,
1975 2662 2206 2749 Land,
2235 2663 2559 2757 Gegend3
2589 2687 2736 2732 nam
2799 2663 2804 2668 ’

605 2769 971 2838 secundum
989 2772 1367 2840 Varronem
1382 2824 1401 2858 ,
1419 2795 1656 2839 vocem
1675 2768 1861 2838 urbis
1877 2769 1962 2837 ab
1979 2757 2145 2838 orbe
2160 2769 2541 2864 procedere.
2573 2771 2736 2838 Sane

606 2877 675 2944 in
722 2875 1145 2945 confutandis
1186 2876 1386 2968 hujus
1430 2875 1612 2945 modi
1655 2875 1926 2972 argutiis
1963 2900 2100 2945 non
2144 2875 2428 2946 multum
2467 2876 2736 2945 sudabi-

607 3005 777 3050 mus.
817 2985 970 3050 Non
1007 2983 1339 3076 reputavit
1390 2980 1492 3051 Cl.
1528 2983 1843 3052 Dulaure
1858 3034 1882 3070 ,
1933 2981 2156 3052 locum
2199 2983 2293 3052 sic
2335 2980 2734 3060 intellectum

558 3077 565 3085 ⁸
611 3111 837 3156 carere
864 3089 1011 3181 ipso
1036 3088 1378 3159 communi
1397 3112 1624 3176 sensu,
1644 3089 2006 3183 praesertim
2029 3089 2082 3156 si
2095 3088 2702 3183 interpretationem
2718 3141 2738 3174 ‚

610 3207 688 3262 ut
727 3201 928 3286 supra
945 3247 963 3276 ,
999 3193 1084 3262 ad
1118 3194 1444 3288 Bituriges
1472 3193 1758 3282 referas;
1784 3218 2002 3287 neque
2029 3195 2206 3262 enim
2236 3193 2502 3264 incendi
2526 3209 2740 3289 potest

612 3299 797 3394 regio
849 3296 955 3366 vel
1000 3313 1175 3367 terra
1200 3351 1219 3386 ,
1268 3323 1483 3394 neque
1528 3301 1852 3395 Bituriges
1899 3313 2153 3369 tantam
2201 3299 2484 3395 professi
2528 3314 2740 3370 essent

614 3404 1047 3476 insulsitatem
1065 3458 1099 3501 ,ἵ
1122 3401 1746 3501 utVercingetorigi
1779 3403 2260 3500 supplicarent,
2291 3431 2375 3476 ne
2407 3409 2754 3501 regionem.

616 3526 972 3598 everteret,
1002 3512 1315 3597 civitatiS,
1346 3511 1417 3580 id
1452 3525 1579 3600 est,
1605 3513 1848 3582 iterum
1893 3513 2177 3606 regionis
2201 3565 2220 3600 ,
2257 3528 2734 3582 ornamentum.

616 3619 762 3687 Nec
790 3616 1041 3687 felicior
1069 3632 1167 3687 est
1188 3617 1289 3688 Cl.
1315 3619 1628 3686 Dulaure
1645 3619 1716 3686 in
1734 3620 2038 3687 Varrone
2063 3617 2596 3713 interpretando:
2621 3619 2731 3688 de-

618 3723 800 3793 ducit
828 3725 1003 3792 enim
1029 3749 1331 3794 summus
1352 3721 1461 3792 ille
1474 3722 1662 3794 latini
1684 3725 2004 3795 sermonis
2033 3727 2345 3819 magister
2373 3725 2469 3794 ab
2497 3725 2660 3794 orbe
2675 3740 2740 3792 ec

622 3830 790 3900 urbo
812 3829 1031 3899 urbes.
1057 3833 1216 3900 Haec
1244 3829 1447 3899 verba
1472 3855 1514 3898 a
1540 3829 1643 3901 Cl.
1668 3833 1972 3900 Dulaure
1994 3857 2342 3926 perperam
2363 3846 2736 3913 vertuntur3

624 3936 885 4029 subjicit
916 3938 1089 4005 enim
1109 3940 1327 4006 Varro
1352 3931 1650 4025 causam,
1671 3963 1792 4008 cur
1821 3937 1915 4006 ab
1933 3938 2096 4008 orbe
2123 3955 2193 4007 et
2210 3939 2378 4008 urbo
2403 3938 2564 4007 urbs
2590 3963 2736 4032 pro·

624 4045 887 4114 cesserit
914 4067 927 4109 :
972 4068 1228 4137 «quare
1258 4044 1501 4140 oppida
1530 4070 1676 4139 quae
1699 4045 1881 4139 prius
1913 4060 2099 4115 erant
2125 4045 2582 4116 circumducta
2611 4067 2738 4112 ara·
