3017 5042
530 465 626 548 24
1109 465 1186 532 c.
1242 466 1528 533 mnu
1586 465 2059 535 cAEsAms

1027 641 1341 710 D1cTA
1411 642 2164 711 COLLEc‘rAn-EA.

632 818 967 884 Feruntur
1001 830 1070 885 et
1095 839 1136 884 a
1168 839 1380 910 puero
1417 829 1485 884 et
1520 814 1606 884 ab
1642 813 2136 886 adolescentulo
2166 817 2467 910 quaedam
2510 821 2673 889 scri-

521 939 669 1020 pta,
685 936 833 1010 etc.;
866 923 1022 990 item
1053 924 1269 992 Dicta
1305 923 1737 992 collectanea
1757 947 1780 990 .·
1809 947 1979 1017 quos
2009 948 2241 994 omnes
2279 923 2531 995 libellos
2557 950 2677 995 ve-

524 1031 651 1100 tuit
684 1031 1024 1127 Augustus
1043 1026 1405 1124 publicari.
1424 1013 1477 1053 ³⁰
1520 1031 1704 1101 Suet.
1740 1033 1813 1098 in
1854 1031 2027 1100 Coes.
2072 1053 2131 1098 c.
2177 1026 2294 1100 56.

1278 1209 1909 1278 EPHEMEMDES.

630 1380 710 1448 C.
753 1375 965 1446 Julius
1001 1377 1227 1445 Caesar
1262 1401 1470 1470 quum
1507 1375 1857 1444 dimicaret
1891 1378 1960 1445 in
1989 1374 2209 1445 Gallia
2232 1431 2250 1464 ,
2280 1392 2348 1446 et
2370 1378 2453 1446 ab
2480 1378 2677 1448 hoste

523 1497 752 1579 raptus
773 1536 793 1570 ‚
843 1507 1016 1576 equo
1060 1481 1202 1575 ejus
1246 1496 1630 1576 portaretur
1682 1495 2013 1586 armatus,
2059 1486 2357 1553 occurrit
2402 1484 2675 1580 quidam

521 1615 604 1660 ex
647 1589 949 1658 hostibus
969 1643 989 1677 ‚
1032 1589 1148 1682 qui
1191 1613 1344 1656 eum
1393 1603 1655 1672 nosset3
1702 1603 1769 1657 et
1813 1587 2137 1658 insultans
2193 1592 2285 1659 ait
2313 1644 2333 1679 ,
2384 1593 2625 1666 Coecos
2644 1646 2669 1679 ,

529 1681 860 1782 cmm-³¹,
910 1694 1094 1790 quod
1130 1693 1479 1764 Gallorum
1525 1694 1750 1790 lingua
1772 1749 1792 1780 ,
1834 1693 2159 1784 Dimitte,
2204 1695 2568 1793 significat:
2606 1713 2676 1768 et

522 1806 614 1872 ita
647 1802 897 1872 factum
931 1816 1066 1890 est,
1094 1816 1173 1870 ut
1207 1799 1669 1875 dimitteretur.
1710 1805 1861 1872 Hoc
1905 1817 2128 1872 autem
2162 1805 2302 1898 ipse
2345 1806 2569 1874 Caesar
2603 1805 2675 1873 in

523 1907 968 2003 Ephemeride
1001 1933 1120 1978 sua
1163 1907 1364 1996 dicit,
1394 1909 1510 1977 ubi
1550 1910 1892 2004 propriam
1938 1893 2420 1979 commemorat
2463 1909 2676 1980 felici-
2758 1971 2775 1985 ,Δ

524 2029 748 2086 tatem.
807 2018 1079 2092 Servius
1120 2019 1192 2084 in
1228 2014 1338 2085 lib.
1386 2017 1506 2086 XI
1533 2015 1875 2086 AEneidos
1907 2017 2185 2112 Vergilii
2203 2070 2224 2103 ,
2265 2041 2370 2086 vs.
2420 2014 2591 2113 743.
2621 2003 2677 2042 ³²

1143 2193 1386 2260 Lmu
1439 2192 2060 2261 Ausmmoium.

638 2360 769 2430 Sed
813 2373 1051 2432 contra
1072 2362 1110 2427 J
1114 2357 1296 2430 ulius
1323 2361 1549 2432 Caesar
1574 2361 1738 2430 XVI
1777 2360 2244 2455 Auspiciorum
2283 2358 2452 2431 libro
2480 2377 2681 2456 negat

1277 2481 1308 2496 V

616 2554 708 2608 3ο.
734 2551 885 2606 Nihil
914 2551 1240 2618 consultius,
1263 2563 1449 2604 nostro
1474 2553 1563 2623 ju-

531 2633 674 2687 di'cio
688 2670 704 2698 ,
724 2651 886 2704 quam
910 2629 1172 2702 ejusmodi
1191 2631 1386 2702 scripta
1408 2633 1563 2702 juve-

529 2714 662 2767 nilia
687 2712 897 2766 eternis
917 2712 1150 2768 tenebris
1171 2709 1441 2766 damnare.
1453 2712 1564 2764 Vix

531 2795 679 2847 enim
701 2790 885 2846 credas
914 2810 1076 2868 quam
1106 2790 1337 2862 disparia
1367 2793 1474 2844 sint
1503 2810 1565 2844 ea

532 2874 812 2946 quaeVirg.
823 2873 879 2924 in
894 2873 1174 2944 juventute
1187 2889 1278 2924 sua
1295 2871 1567 2942 scripserit

532 2955 578 3007 si
587 2965 966 3024 comparentur
974 2951 1306 3004 cumcaeteris
1313 2953 1426 3022 ejus
1441 2970 1570 3022 ope-

534 3033 701 3088 ribus.
714 3033 856 3086 Male
878 3032 1042 3103 igitur
1061 3031 1154 3102 qui
1179 3032 1434 3103 cujusque
1447 3049 1569 3082 auo·

535 3113 666 3166 toris
684 3112 900 3164 lacinias
917 3122 969 3162 et
987 3110 1301 3181 panniculos
1323 3128 1459 3181 saepe
1477 3129 1569 3162 sae-

536 3193 656 3265 pius
665 3191 995 3263 turpissimos
1007 3191 1071 3242 ab
1079 3202 1293 3242 auctore
1303 3190 1418 3260 ipso
1427 3189 1569 3242 dam-

535 3285 688 3326 natos
708 3269 782 3324 ad·
801 3273 914 3341 ejus
936 3289 1195 3322 summam
1226 3270 1478 3341 injuriam
1507 3270 1568 3322 in

485 3402 490 3408 ,
537 3352 814 3425 publicum
829 3349 1070 3421 proferre
1095 3367 1206 3402 non
1230 3351 1567 3404 erubescunt.

623 3433 715 3486 31.
750 3430 924 3492 Alias,
958 3430 1102 3482 Cetos
1130 3428 1316 3482 Coesar.
1353 3430 1569 3483 Servius

538 3510 857 3576 P.Danieli8,
869 3509 1064 3570 Coesar,
1079 3509 1427 3575 Caesar-‚Quod
1435 3509 1568 3582 quid

537 3592 695 3658 velit,
723 3589 870 3643 docti
899 3590 1219 3643 examinent.
1251 3590 1402 3642 Seu..

623 3673 724 3728 32...
749 3671 830 3724 Ex
869 3688 978 3741 quo
1021 3670 1170 3722 fonte
1205 3669 1344 3722 hanc
1381 3688 1567 3724 narra-

541 3751 833 3804 tiunculam
878 3749 1113 3803 hauserit
1161 3749 1404 3815 Servius,
1455 3769 1567 3801 non

539 3842 760 3884 constat.
781 3832 861 3883 De
885 3847 1041 3883 sensu
1068 3828 1198 3882 dicti
1213 3867 1229 3894 ,
1248 3828 1394 3900 quod
1412 3829 1568 3882 Gallo

541 3911 826 3974 tribuitur,
852 3921 1124 3964 certarunt
1161 3908 1308 3964 haud
1345 3909 1420 3962 ita
1453 3910 1568 3980 pri·

537 3988 663 4042 dem
703 3988 813 4042 duo
839 3990 944 4042 viri
983 3987 1182 4042 eruditi
1196 4028 1214 4054 ,
1244 3989 1378 4041 mihi
1408 3990 1567 4042 ambo

539 4070 872 4134 amicissimi,
899 4071 1056 4123 ambo
1077 4089 1115 4123 e·
1129 4071 1336 4122 minore
1361 4069 1569 4122 Britan-

537 4151 626 4208 nia
648 4149 898 4214 oriundi,
925 4149 1144 4204 Celticae
1165 4148 1359 4220 lingum
1385 4148 1564 4220 periti.

1652 2549 1863 2604 Scilicet
1886 2551 2011 2604 clar.
2042 2553 2085 2603 le
2110 2551 2352 2621 Brigant,
2380 2553 2531 2624 cujus
2560 2537 2681 2606 Ele·

1650 2643 1799 2682 ments
1824 2632 1885 2682 de
1916 2632 1965 2683 la
1998 2632 2173 2702 langue
2202 2632 2283 2683 des
2311 2631 2469 2684 Celtes
2499 2631 2678 2686 Gome'·

1650 2715 1765 2764 re‘tes
1805 2731 1869 2766 ou
1912 2711 2119 2764 Bra-tom
2162 2713 2275 2784 ipse
2319 2729 2349 2764 a
2395 2731 2418 2764 1
2432 2731 2545 2782 779
2588 2713 2681 2766 hic

1650 2791 1988 2864 Argentorati
2004 2792 2144 2864 typis
2162 2790 2369 2845 edenda
2388 2793 2598 2858 curavi,
2620 2793 2679 2844 in

1652 2873 1977 2923 Dissertation
2004 2891 2091 2922 sm·
2112 2871 2178 2923 les
2207 2869 2363 2924 Celtes
2384 2871 2674 2941 Brigantes,

1652 2946 1674 3012 (
1694 2955 1748 3016 8,
1788 2970 1811 3004 1
1825 2955 1935 3021 762
1957 2947 1979 3013 )
2009 2949 2296 3023 legendum
2339 2951 2681 3023 praecipiebat

1653 3043 1778 3082 cetos
1807 3031 1978 3082 Coesat·
1999 3049 2101 3103 pro
2129 3033 2264 3084 chero
2288 3030 2440 3083 Cesar
2454 3033 2541 3084 vel
2570 3033 2680 3084 clito

1658 3108 1835 3173 Cesar,
1854 3109 1912 3162 id
1941 3124 2045 3176 est,
2068 3130 2134 3164 en
2166 3111 2457 3164 Caesarem!
2480 3112 2681 3164 Contra

1652 3190 1737 3243 vir
1750 3189 2020 3262 quondam
2044 3204 2289 3244 strenuus
2303 3229 2320 3256 ,
2338 3209 2499 3262 quem
2524 3190 2591 3244 ad
2608 3191 2677 3245 G.

1662 3289 1685 3323 ι
1707 3309 1724 3336 ,
1746 3275 1800 3335 6,
1824 3271 2080 3337 excitavi,
2109 3272 2169 3322 de
2198 3272 2251 3322 Ca
2281 3272 2419 3323 Tom-
2436 3270 2683 3325 d'Aaven·

1650 3349 1971 3420 gne-Corret,
1999 3351 2243 3404 militaris
2258 3351 2556 3422 proefectus‚
2574 3349 2683 3423 legi

1649 3431 1868 3501 jubebat
1898 3431 1983 3483 sko
2016 3431 2194 3493 Cesar,
2226 3431 2262 3483 i.
2296 3451 2342 3484 e.
2370 3429 2555 3483 occide
2572 3432 2685 3492 Cae,

1655 3529 1841 3563 sarem.
1872 3508 2115 3562 Tandem
2139 3529 2267 3562 vero
2298 3511 2342 3562 le
2374 3511 2590 3580 Brigant
2614 3509 2683 3564 ad

1653 3609 1865 3643 sensum
1905 3590 2076 3655 vecie,
2110 3608 2270 3662 quem
2312 3591 2427 3661 ipse
2468 3590 2683 3644 Servius

1652 3668 1983 3742 suppeditat,
1998 3667 2335 3724 redeundum
2350 3670 2583 3736 censuit,
2596 3672 2681 3724 in·

1654 3768 1758 3822 que
1790 3749 1980 3802 litteris
2021 3748 2090 3803 ad
2135 3750 2409 3804 laudatum
2448 3749 2684 3804 sodalem

1654 3848 1809 3882 suum
1830 3828 1967 3882 datis
1980 3843 2034 3883 et
2056 3849 2267 3884 mecum
2283 3831 2685 3885 communicatis

1652 3909 1943 3963 hariolatus
1983 3924 2093 3977 est,
2129 3929 2243 3964 non
2282 3911 2421 3962 bene
2454 3912 2685 3964 verbum

1654 3991 1951 4061 percepisse
1968 3990 2253 4056 Caesarem3
2272 3988 2466 4045 dixisse
2488 4009 2685 4061 nempe

1653 4070 1861 4123 hostem
1909 4071 2011 4122 losk
2045 4069 2225 4137 (Σώαν,
2254 4068 2495 4136 dimitte,
2544 4071 2687 4123 taine

1613 4197 1620 4204 .
1660 4149 1827 4204 Cesar.
1860 4149 2041 4202 Oberl.
