3017 5042
517 405 522 409 ·
579 380 730 468 264
1470 377 1829 466 INDEX

534 518 856 612 'poiium
885 511 1146 583 celebre
1184 499 1364 600 (vid.
1405 510 1570 580 Caes.
1609 507 1650 578 l.
1689 531 1833 596 vn,
1870 532 1925 578 c.
1968 503 2017 576 6
2066 520 2136 576 et
2165 499 2368 604 seq..)
2414 511 2733 606 Geogra-

576 625 926 718 phicarum
955 643 1176 691 rerum
1203 620 1590 712 scriptoreS,
1616 641 1751 684 non
1779 631 2003 684 tamen
2035 639 2299 714 omnes,
2321 614 2559 687 volunt
2586 642 2735 690 esse

581 723 917 814 Orldan53
947 741 1017 795 at
1052 740 1265 795 exstat
1293 727 1359 792 in
1397 723 1840 792 eruditissimo
1876 747 2079 817 opere
2113 725 2202 790 D.
2236 725 2492 792 Malte-
2496 729 2729 812 Brun,
2819 713 2826 728 ’

579 838 689 906 cui
723 833 951 905 titulus
969 833 1292 902 Annales
1321 831 1441 900 des
1463 830 1825 924 VoyageS,
1868 853 2051 896 num.
2079 826 2218 915 64,
2246 825 2385 917 65,
2430 829 2739 900 disserta-

576 943 671 1011 tio
715 941 1255 1037 praestantissima
1285 993 1305 1026 ,
1338 961 1470 1032 qua
1507 937 1829 1030 probatur
1869 935 2227 1004 Genabum
2261 938 2545 1006 Caesaris
2592 963 2743 1007 non

526 1109 533 1124 ,
579 1072 722 1117 esse
753 1041 1079 1134 Orle‘ans‚
1103 1044 1214 1114 sed
1245 1048 1466 1113 vicum
1494 1068 1704 1138 prope
1727 1043 1963 1111 urbem
1998 1045 2203 1128 Gien,
2231 1045 2345 1137 qui
2374 1068 2556 1112 nunc
2580 1044 2741 1114 dici-

577 1169 689 1224 tur
719 1157 784 1224 le
807 1159 1037 1224 Vieuoe
1067 1155 1287 1239 Gien,·
1317 1167 1380 1220 et
1411 1151 1516 1219 his
1547 1164 1782 1219 auctor
1804 1151 2036 1219 nititur
2060 1151 2465 1220 rationibus:
2507 1143 2581 1219 1⁰⁴
2600 1155 2741 1222 Cae-

577 1264 744 1348 sari,
781 1263 868 1329 ab
910 1261 1274 1354 Agendz‘co
1311 1259 1396 1326 ad
1433 1259 1793 1326 Avaricum
1837 1272 2017 1326 recte
2058 1256 2387 1344 tendenti,
2419 1282 2558 1326 non
2593 1257 2767 1327 erat'

573 1369 702 1437 iter
739 1366 1112 1438 faciendum
1151 1391 1273 1460 per
1294 1363 1843 1451 Aurelianenses3
1891 1367 1978 1432 2⁰
2009 1378 2270 1432 exstant
2305 1363 2561 1450 adhuc,
2599 1390 2741 1435 non

574 1488 838 1543 tantum
867 1475 1126 1542 viarum
1159 1496 1587 1542 romanarum
1622 1470 2481 1565 vestigiaaVellaunoduno
2515 1470 2606 1539 ad
2638 1497 2741 1539 ur-

575 1579 731 1650 bem
758 1583 957 1668 Gien,
991 1578 1106 1648 sed
1138 1581 1332 1648 etiam
1370 1577 1666 1672 reliquiae
1697 1592 2066 1647 castrorum
2088 1631 2108 1664 ,
2138 1579 2377 1671 quibus
2412 1578 2592 1647 forte
2621 1603 2740 1648 co·
2816 1627 2821 1632 -

577 1688 706 1782 piae
723 1738 742 1772 ,
776 1713 923 1782 quae
950 1687 1035 1756 ad
1061 1687 1426 1755 custodiam
1456 1687 1678 1780 pontis
1707 1684 2037 1755 derelictae
2068 1701 2294 1773 erant,
2320 1687 2740 1754 contineren-
2806 1684 2813 1690 ’

575 1807 690 1863 tur
725 1789 752 1880 (
788 1818 944 1863 nam
987 1796 1056 1864 in
1092 1793 1258 1862 urbe
1305 1793 1523 1862 diruta
1570 1793 1817 1861 diutius
1853 1795 2101 1862 morari
2144 1817 2281 1861 non
2320 1784 2738 1887 poterant);

578 1925 844 1976 necnon
877 1915 945 1970 et
981 1901 1226 1970 rudera
1260 1902 1516 1995 pontis,
1542 1899 1729 1992 cujus
1760 1902 2011 1968 mentio
2052 1898 2131 1967 fit
2164 1898 2344 1994 apud
2375 1901 2738 1970 Caesarem.

581 2003 672 2076 3ο
713 2009 868 2095 Est,
910 2007 995 2075 ab
1047 2007 1214 2075 urbe
1273 2009 1447 2074 Gien
1503 2031 1715 2100 usque
1752 2005 1839 2074 ad
1880 2008 2101 2075 vicum
2146 2030 2326 2075 nunc
2366 2005 2630 2076 dictum
2674 2007 2739 2075 le

579 2116 814 2183 Vz'eux
856 2116 1052 2197 Gien,
1081 2115 1185 2180 via
1214 2112 1519 2204 quaedam
1555 2113 2008 2206 antiquissima
2038 2127 2314 2199 vocata,
2338 2113 2412 2182 la
2446 2137 2572 2180 rue
2606 2114 2737 2182 Ge·

577 2218 854 2288 nahum.
891 2222 981 2303 4⁰
1005 2216 1379 2286 Similitudo
1406 2220 1581 2283 inter
1606 2221 1875 2286 nomina
1906 2219 2267 2286 Genabum
2294 2233 2363 2286 et
2394 2221 2595 2288 Gie’n.
2616 2219 2738 2288 His

574 2325 854 2418 objectis
885 2322 1277 2418 respondet,
1309 2321 1444 2391 scil.
1483 2322 1721 2391 urbem
1759 2323 2113 2393 Genabum
2150 2347 2292 2392 esse
2324 2325 2737 2414 Carnutum,

573 2455 782 2524 quum
821 2430 983 2498 urbs
1029 2431 1203 2498 Gien
1240 2431 1322 2496 sit
1355 2430 1676 2500 Dioecesis
1721 2429 2351 2499 Autissiodorensis:
2380 2429 2738 2524 praeterea,

573 2536 810 2605 urbem
835 2536 1082 2605 dictam
1103 2560 1283 2606 nunc
1318 2527 1617 2606 Orle'ans
1628 2589 1652 2623 ,
1677 2536 1761 2604 ab
1786 2537 2120 2605 Antonino
2139 2551 2207 2605 et
2222 2537 2738 2632 Peutingeriana

575 2642 804 2714 tabula
840 2656 907 2711 et
939 2642 1024 2711 ab
1054 2643 1321 2712 AEthico
1339 2696 1358 2730 ,
1396 2647 1573 2711 inter
1610 2643 2131 2713 Caesarodunum
2164 2637 2457 2730 (Tours)
2492 2658 2564 2713 et
2595 2645 2735 2716 Bri-

574 2750 912 2819 vodurum
950 2743 1306 2836 (Briare)
1348 2751 1636 2843 positam
1676 2775 1817 2818 esse
1871 2776 1886 2817 :
1938 2753 2017 2818 1⁰
2060 2748 2175 2820 Nil
2218 2749 2496 2844 impedit
2535 2752 2738 2846 quin,
2768 2831 2774 2837 ,

572 2857 990 2951 temporibus
1026 2858 1344 2942 Caesaris,
1364 2856 1529 2924 urbs
1552 2856 1910 2926 Genabum
1940 2856 2140 2926 fuerit
2165 2859 2575 2945 Carnutum,
2591 2883 2737 2954 quae

572 2978 854 3057 propter
903 2962 1250 3057 perfidiam
1295 2962 1667 3032 incolarum
1717 2979 1951 3058 postea
1992 2966 2077 3034 sit
2118 2965 2495 3034 Senonibus
2538 2965 2733 3034 attri-

573 3069 757 3138 buta.
803 3073 890 3139 2⁰
917 3072 1199 3138 Constat
1231 3069 1466 3138 urbem
1504 3061 1802 3166 Orleqns
1827 3069 1983 3139 olim
2009 3071 2256 3139 dictam
2288 3070 2490 3140 fuisse
2520 3075 2736 3142 Gena-

573 3174 737 3245 bum
758 3229 777 3263 ,
815 3175 930 3245 sed
967 3175 1320 3246 verisimile
1357 3176 1719 3246 admodum
1758 3176 1835 3246 fit
1870 3175 2119 3247 incolas
2158 3177 2419 3247 Genabi
2455 3179 2734 3273 prioriS,

572 3295 730 3376 post
765 3283 996 3377 patriae
1033 3282 1402 3371 excidium,
1439 3307 1688 3352 novam
1724 3281 2027 3379 selegisse
2059 3284 2337 3354 sedem
2319 3311 2389 3353 in
2425 3309 2504 3354 ea
2541 3299 2735 3381 parte

475 3406 482 3414 '
570 3389 867 3484 Ligeris,
895 3414 1042 3495 quae
1067 3413 1188 3458 suo
1217 3390 1622 3459 commercio
1653 3389 1884 3459 eadem
1914 3391 2268 3461 commoda
2281 3416 2481 3486 ,quae
2514 3395 2731 3487 prior,

573 3495 891 3584 offerret3
914 3510 982 3566 et
1003 3521 1196 3566 novae
1220 3497 1372 3565 urbi
1401 3496 1576 3565 idem
1607 3496 1917 3567 indidisse
1947 3523 2191 3568 nomen
2206 3498 2430 3593 ,quod
2458 3499 2729 3593 quidem

581 3594 881 3673 orldans
924 3603 1288 3673 servaverit
1329 3627 1540 3696 usque
1576 3602 1663 3671 ad
1702 3618 2007 3700 tempora
2048 3604 2469 3700 imperatoris
2508 3606 2728 3674 Aure·

572 3707 766 3796 liani,
787 3709 1029 3803 quibus
1050 3711 1341 3805 primum
1372 3709 1710 3805 deposuit,
1732 3726 1809 3781 ut
1838 3713 2259 3806 imperatoris
2284 3737 2534 3781 nomen
2563 3713 2726 3782 reci·

573 3830 782 3909 peret.
822 3815 1009 3887 Nihil
1054 3816 1137 3884 de
1180 3841 1258 3886 ea
1300 3841 1372 3886 re
1414 3817 1605 3887 dico·
1589 3871 1609 3906 ,
1641 3817 1898 3912 judicet
1940 3819 2241 3889 eruditus
2267 3818 2514 3890 lector.

683 3925 844 3994 Haec
876 3923 957 3992 de
987 3924 1269 4006 Genabo
1313 3924 1496 4018 prius
1532 3949 1957 4016 censueram,
1976 3952 2184 4021 quum
2208 3940 2385 3996 notae
2408 3922 2725 3996 Hadriani

571 4025 852 4120 Valesii,
889 4033 1126 4107 notitia
1162 4029 1563 4124 Galliarum,
1591 4058 1657 4128 p.
1696 4031 1881 4122 225,
1917 4049 1986 4105 et
2026 4033 2455 4105 eruditissimi
2490 4033 2565 4105 d'
2563 4033 2723 4106 An-
