3017 5042
683 481 900 552 VEL
948 481 1876 560 DISSERTATIONES.
2241 483 2330 555 61

218 609 664 679 columbaria.
717 611 1156 682 Columbaria
1172 664 1195 697 ,
1229 612 1442 705 inquit
1459 667 1478 699 ,
1512 613 1591 681 in
1615 615 1771 681 navi
1797 615 2239 709 appellantur·
2255 641 2345 687 ea

215 715 456 808 quibus
509 722 682 784 remi
725 722 1033 786 eminent.
1088 721 1270 786 Zona
1319 732 1541 786 autem
1594 721 1925 814 superior,
1986 721 2336 811 Thr-anus,

217 845 384 914 saepe
437 823 678 916 saepius
719 824 788 889 in
843 826 1284 892 monumentis
1328 825 1665 894 veteribus
1713 825 2155 895 cancellorum
2204 821 2345 916 (de

217 919 638 1025 balcons)·1n
663 929 936 998 modum
967 928 1336 1048 effingitur3
1364 945 1561 1024 atque
1586 955 1625 999 e
1645 932 1894 1000 Thrani
1920 932 2221 1003 cancellis
2246 961 2344 1004 su·

213 1033 584 1149 perioribus
619 1049 978 1104 exeruntur
1006 1037 1170 1104 remi
1197 1036 1687 1106 Thranitarum.
1712 1038 1816 1106 Ab
1847 1052 2129 1133 utraque
2154 1056 2345 1133 parte

213 1137 384 1207 inter
401 1141 684 1234 puppim
703 1154 773 1208 et
783 1141 1252 1212 Thranitarum
1271 1141 1605 1228 ordinem,
1618 1145 1834 1213 nonin
1850 1144 2099 1228 medio,
2114 1159 2189 1214 ut
2204 1145 2345 1215 vult

212 1244 622 1331 Schefferus,
657 1249 944 1339 spatium
965 1245 1216 1341 aliquot
1237 1248 1513 1342 pedibus
1540 1273 1849 1333 vacuum,
1886 1250 2065 1344 quod
2091 1255 2343 1322 Zonam

215 1352 627 1445 superiorem
656 1367 864 1422 secat:
885 1367 954 1422 et
969 1354 1024 1422 is
1053 1352 1236 1422 locus
1259 1352 1474 1424 dictus
1491 1347 1915 1449 wipodocstel
1940 1357 2340 1450 παράθρανος.

215 1455 497 1526 Pollux:
527 1465 567 1534 ἡ
595 1451 666 1526 δὲ
693 1457 832 1550 περὶ
871 1461 1014 1537 τοὺς
1053 1459 1335 1552 θρανίτας
1372 1452 1549 1548 ὁδὸς,
1579 1451 1881 1555 πάροδος,
1923 1463 2342 1557 παράθρανοςς

214 1577 277 1630 et
323 1588 449 1660 per
499 1564 632 1633 hoc
675 1567 992 1660 spatium,
1045 1565 1248 1647 veluti
1290 1590 1412 1660 per
1461 1567 1637 1635 fores
1690 1569 1913 1636 navim
1971 1569 2344 1657 intrabant,

214 1683 408 1763 atque
445 1671 645 1762 etiam
675 1671 768 1738 ibi
793 1670 1111 1740 sedebant
1138 1685 1385 1758 nautae,
1413 1686 1480 1740 et
1514 1673 1811 1766 magistri
1843 1674 2217 1744 hortatores
2245 1699 2345 1744 ac·

211 1771 538 1846 cedebant
558 1829 579 1864 ‚
634 1777 810 1846 unde
874 1777 986 1846 hic
1051 1774 1236 1847 locus
1277 1776 1476 1846 latine
1532 1792 1813 1846 vocatur
1856 1801 2077 1873 ageas·
2087 1833 2109 1866 ,
2172 1782 2343 1849 sicut

211 1883 548 1976 torcular,
591 1882 982 1970 columbar,
1039 1882 1123 1951 ab
1174 1883 1463 1977 agendo,
1518 1885 1675 1976 quia
1731 1883 1977 1953 ducere
2025 1900 2092 1954 et
2144 1910 2341 1980 agere

141 2077 146 2080 Ι
211 2011 328 2080 per
370 1989 534 2057 istos
579 1989 792 2058 aditus
831 2003 1072 2059 cuncta
1103 2003 1324 2058 nautae
1364 1988 1681 2058 solebant.
1710 1992 1825 2058 Eae
1864 2005 2019 2060 sunt
2045 1994 2343 2085 corporis

214 2117 330 2162 seu
363 2095 620 2164 ventris
659 2093 906 2188 nauigii
937 2109 1177 2190 partes.
1214 2094 1320 2163 Ad
1356 2121 1625 2189 proram
1661 2095 2069 2166 accedamus.

310 2202 525 2268 Prora
547 2214 648 2270 est
666 2225 822 2295 pars
845 2202 1138 2269 anterior
1157 2201 1344 2270 navis
1365 2215 1433 2270 et
1455 2203 1641 2296 quasi
1674 2197 1904 2272 frons:
1938 2218 2345 2298 quapropter

212 2329 356 2374 eam
390 2321 651 2400 partem
679 2308 898 2376 Graeci
922 2308 1204 2399 μέτωπον
1239 2307 1674 2402 appellarunt.
1718 2307 1984 2376 Scholia
2010 2309 2343 2402 Thucydi-

211 2411 344 2508 diS,
372 2410 413 2478 l.
451 2414 553 2498 II,
580 2414 654 2480 τὸ
683 2415 967 2505 μέτωπον
996 2423 1107 2491 τῆς
1123 2415 1268 2492 νεὼς
1284 2419 1356 2500 ,ἢ
1377 2417 1595 2508 ›rupe-ipa
1614 2413 1765 2482 ἐστί.
1786 2416 2113 2484 Exstitere
2140 2439 2343 2484 naves

209 2541 363 2586 cum
385 2517 640 2612 duplici
655 2543 874 2614 prora.
900 2521 1139 2612 Hygin.
1161 2519 1289 2588 fab.
1308 2521 1763 2588 CCLXXIII:
1790 2523 2343 2615 ,Minervaprima

209 2649 454 2696 navem
467 2625 812 2721 bapt-oram
826 2627 1088 2694 Danao
1103 2624 1504 2714 oedtficavit,
1536 2630 1607 2694 in
1631 2647 1775 2719 qua
1796 2626 2342 2720 AEgyptumfi‘a·

211 2731 746 2826 trem‘prqf'ugit.
785 2735 874 2801 Et
911 2733 1098 2799 navis
1140 2729 1582 2824 Philopatoris
1626 2755 1762 2799 non
1803 2731 2005 2800 modo
2043 2723 2342 2825 δίπρωρος

211 2852 378 2932 erat,
402 2836 524 2906 sed
546 2852 615 2907 et
635 2830 982 2932 δίπρυμνος.
1007 2834 1207 2925 Quali
1230 2837 1444 2906 forma
1461 2861 1555 2905 eae
1582 2859 1785 2905 naves
1804 2835 2050 2906 fuerint
2072 2836 2345 2930 fingitur

211 2942 472 3014 facilius
487 2996 510 3030 ,
551 2969 751 3037 quam
805 2943 1202 3037 explicatur-3
1237 2945 1398 3036 quin
1439 2944 1609 3029 im0,
1652 2967 1809 3010 usus
1852 2965 2082 3012 earum
2125 2940 2345 3010 nullus

211 3075 352 3120 esse
390 3049 640 3118 debuit.
684 3053 894 3120 Porro
938 3049 1144 3118 latera
1187 3073 1404 3143 prorae
1450 3062 1642 3118 erant
1674 3048 1917 3142 παρείαι
1936 3101 1955 3136 ,
1992 3064 2061 3117 et
2106 3047 2342 3143 etrapit,

210 3157 278 3224 in
317 3155 564 3250 quihus
623 3151 1073 3251 παρεξειρεσία,
1121 3155 1190 3222 id
1237 3170 1374 3243 est,
1419 3157 1707 3249 spatium
1750 3179 1789 3222 a
1832 3155 2189 3249 remigibus
2222 3156 2348 3248 pri-

211 3263 334 3332 mis
359 3261 449 3330 ad
479 3285 900 3355 parasemum
925 3286 1164 3354 usque,
1189 3263 1384 3330 remis
1413 3283 1733 3348 vacuum,
1754 3256 1871 3330 sed
1892 3260 2121 3356 figuris
2150 3284 2345 3328 orna·

211 3384 387 3456 tum,
429 3381 596 3462 puta
643 3367 1001 3463 delphinis,
1038 3368 1221 3461 equis
1265 3368 1565 3454 marinis,
1610 3367 2003 3450 tritonibuS‚
2050 3379 2174 3435 etc.
2216 3369 2345 3434 Ea-

207 3475 366 3544 dem
397 3473 608 3542 latera
651 3488 719 3542 et
769 3475 1040 3543 nomina
1080 3472 1324 3542 dantur
1362 3475 1589 3567 puppi.
1634 3473 1854 3541 Prorae
1888 3495 2043 3565 pars
2076 3471 2347 3541 inferior

209 3594 276 3650 et
299 3582 642 3676 praecipua
676 3594 776 3650 est
811 3576 1070 3673 ἔμὸολον
1088 3631 1107 3666 ,
1143 3603 1260 3648 seu
1283 3594 1575 3648 rostrum
1592 3631 1611 3666 ,
1640 3604 1787 3672 quae
1819 3603 1973 3672 pars
2012 3576 2203 3666 simul
2235 3591 2343 3644 at·-

209 3712 340 3782 que
393 3686 642 3755 fluctus
689 3700 900 3774 secat,
944 3687 1116 3757 inter
1167 3709 1355 3754 arma
1401 3687 1707 3756 nocitura
1749 3685 2083 3754 numerari
2128 3682 2342 3751 debet

209 3795 312 3861 Ea
340 3793 760 3886 temporibus
800 3793 1072 3884 trojanis
1107 3792 1573 3886 ignorabatur,
1608 3815 1733 3860 nec
1771 3791 1857 3859 ab
1894 3794 2216 3858 Homero
2207 3812 2353 3856 me-

209 3913 502 3968 morata·
485 3900 667 3988 ,etsi,
693 3898 1206 3967 anachronismo
1219 3899 1443 3991 poetis
1476 3896 1799 3984 familiari,
1825 3881 2347 3988 χαλκεμὸολοίδων

205 4013 370 4072 ναῶν
416 4006 722 4072 meminit
756 4003 1105 4098 Euripides
1151 4005 1219 4072 in
1260 4003 1626 4097 Iphigenia.
1677 4002 2085 4072 Concinnius
2128 4016 2351 4070 noster
2442 4064 2445 4068 Α

209 4111 476 4206 Caesar,
504 4113 576 4179 Β.
610 4113 694 4210 G.
720 4108 760 4180 l.
795 4112 901 4180 III
917 4163 936 4200 ,
956 4137 1014 4182 c.
1049 4134 1076 4179 1
1095 4107 1179 4198 3„
1200 4125 1421 4186 rostro
1445 4114 1686 4180 noceri
1700 4132 1844 4186 non
1868 4131 2079 4203 posse
2092 4131 2351 4201 cogno-„-
