3017 5042
865 468 1758 537 GEOGRAPHICUS.
2225 467 2383 540 313

354 599 417 668 Si
442 597 689 667 Caesari
717 610 786 666 et
809 598 1122 668 Straboni
1151 597 1605 668 adhaereamus
1622 651 1641 685 ,
1668 599 1969 694 Menapii
1998 601 2067 669 in
2098 601 2203 670 his
2226 601 2377 672 Bel·-

254 706 406 800 gicae
444 703 746 798 partibus
759 705 1330 793 nontinebantun
1358 729 1505 800 quae
1532 729 1713 775 nunc
1733 703 2049 775 dicuntur
2076 708 2152 776 la
2178 710 2385 778 Guel-

252 811 397 897 dre,
443 809 508 879 le
548 801 783 880 duc-he}-
809 810 896 879 de
937 805 1165 882 Clbves
1202 806 1292 896 et:
1310 812 1376 879 le
1413 811 1735 882 Brabant
1772 811 2186 883 hollandais.
2292 841 2297 848 ·

353 918 692 988 Massam.
732 909 844 1006 (B.
882 918 960 986 C.
996 915 1106 987 lib.
1137 941 1230 1004 11,
1259 942 1402 1012 cap.
1443 915 1533 1001 33
1564 916 1673 986 lib.
1718 941 1833 1006 111,
1867 942 2015 1015 cap.
2069 914 2207 990 101*
2240 945 2261 1006 3
2304 923 2376 989 B.

252 1021 351 1092 Af.
388 1048 442 1092 c.
477 1023 572 1094 28
594 1014 643 1112 ).
676 1020 804 1094 38⁰
824 1020 869 1113 -ξ
900 1021 1012 1092 lat.
1044 1047 1072 1094 1
1091 1021 1166 1094 3⁰
1184 1023 1228 1108 ξ
1245 1022 1425 1120 long.
1458 1025 1692 1095 Graece
1720 1015 2013 1102 Μεσσήνη
2032 1079 2050 1114 ,
2074 1049 2114 1094 a
2140 1027 2399 1096 Messe·-

252 1130 370 1198 niis
385 1127 959 1224 Peloponnesiacis
973 1183 994 1219 ‚
1007 1130 1121 1225 qui
1147 1155 1184 1198 e
1202 1129 1666 1226 Peloponneso
1684 1130 1859 1226 pulsi
1874 1156 2023 1201 eam
2037 1146 2381 1226 ceperunt,

253 1249 316 1303 et
341 1235 430 1303 ibi
467 1235 821 1321 sederunt3
861 1259 1150 1331 namque
1189 1251 1383 1306 antea
1424 1239 1696 1308 Zancle
1732 1236 2077 1308 dicebatur
2100 1238 2190 1308 ob
2230 1236 2401 1307 obli·-

252 1343 564 1435 quitatem
609 1339 911 1411 locorum
928 1395 948 1430 ,
976 1342 1094 1411 ubi
1125 1345 1248 1412 sita
1277 1357 1410 1431 est,
1451 1368 1663 1439 prope
1691 1345 2225 1439 promontorium
2260 1348 2381 1414 Pe·

253 1445 482 1517 lorum.
527 1447 815 1518 Condita
843 1462 946 1518 est
969 1472 1012 1517 a
1033 1449 1261 1518 Naxiis
1281 1475 1299 1533 ;
1320 1463 1553 1544 postea
1576 1452 1997 1540 Mamertini,
2016 1475 2177 1548 gens
2205 1474 2383 1522 cam-

252 1577 417 1648 pana
435 1608 456 1644 ‚
481 1556 862 1626 Messanam
889 1553 1463 1624 inhabitaverunt:
1487 1557 1581 1626 ita
1608 1557 2015 1651 tripartitum
2046 1572 2190 1627 erat
2212 1559 2388 1626 inco-

253 1659 460 1730 larum
486 1686 712 1758 genus.
729 1661 858 1730 Sed
871 1662 1254 1730 Mamertini
1271 1662 1449 1758 apud
1469 1663 1814 1732 Messanos
1833 1664 1923 1732 ita
1944 1662 2389 1752 invaluerunt,

251 1781 322 1836 ut
351 1767 477 1836 sub
506 1791 692 1838 suam
711 1781 1105 1861 potestatem
1134 1767 1515 1864 redegerint
1530 1768 1799 1857 urbem,
1818 1770 2127 1864 civesque
2144 1771 2230 1839 ab
2254 1795 2391 1839 om·

251 1873 441 1943 nibus
472 1875 858 1944 Mamertini
892 1872 1387 1970 appellarentur
1415 1876 1638 1970 potius
1666 1899 1869 1970 quam
1902 1877 2193 1945 Messani
2218 1928 2237 1962 ,
2277 1899 2386 1946 us·

249 2005 374 2074 que
403 1979 492 2049 ad
513 1995 778 2076 tempus
799 1982 1002 2076 primi
1024 1979 1179 2050 belli
1204 1982 1464 2076 punici,
1489 2006 1625 2075 quo
1648 1982 1940 2051 Romani
1964 1983 2387 2052 occasionem

252 2102 572 2183 ceperunt
611 2086 844 2157 Siciliae
885 2086 1200 2158 adversus
1243 2091 1484 2159 Poenos
1526 2087 1950 2184 occupandae.
1995 2089 2155 2157 Vini
2196 2088 2390 2158 ferax

251 2208 389 2263 erat
422 2192 618 2264 tellus
655 2195 724 2262 in
755 2219 835 2264 ea
872 2208 1106 2290 parte3
1141 2194 1259 2264 sed
1296 2195 1490 2284 urbs,
1532 2209 1697 2265 teste
1731 2195 2095 2283 Strabone,
2129 2194 2389 2264 medio-

251 2300 448 2371 criter
481 2300 790 2396 frequens
813 2316 1090 2397 propter
1115 2301 1433 2372 vicinium
1458 2303 1730 2372 Catanae
1747 2356 1766 2391 ‚
1786 2327 1935 2397 quae
1958 2301 2220 2371 colonia
2248 2315 2395 2371 erat

250 2431 546 2476 romana.
593 2407 808 2478 Hodie
839 2433 975 2478 non
1010 2410 1208 2496 item3
1245 2433 1401 2479 nam
1438 2432 1518 2478 ea
1558 2423 1660 2479 est
1681 2409 1843 2478 urbs
1884 2407 2117 2479 Siciliae
2162 2433 2391 2479 recen-

253 2515 438 2584 tioris
473 2514 1002 2608 frequentissima
1018 2569 1037 2604 ‚
1077 2529 1146 2584 et
1165 2540 1510 2585 mororum
1538 2515 1894 2604 fructibus,
1926 2515 2169 2610 quibus
2192 2515 2389 2583 bom-

251 2619 454 2715 byces
493 2636 890 2716 pascuntur,
927 2622 1268 2692 notissima
1286 2676 1306 2711 ,
1338 2621 1463 2690 sub
1495 2622 1731 2692 eodem
1763 2623 2035 2691 nomine
2071 2624 2403 2690 Messine.

351 2725 850 2798 Mmmsl-:DUM
882 2719 997 2818 (B.
1034 2731 1120 2799 G.
1161 2727 1270 2797 lib.
1310 2751 1451 2817 vu,
1488 2752 1632 2822 cap.
1678 2721 1843 2817 61).
1880 2725 2056 2798 Vide
2086 2751 2233 2821 quae
2272 2753 2393 2796 no-

251 2835 540 2904 tavimus
575 2833 661 2903 ad
702 2834 885 2905 hunc
920 2833 1180 2924 locum,
1214 2848 1260 2903 t.
1301 2859 1360 2922 1,
1401 2859 1468 2928 p.
1514 2830 1689 2906 355.

356 2941 828 3012 Mna-Romus
854 2935 961 3024 (B.
992 2943 1069 3011 C.
1098 2939 1143 3010 l.
1169 2965 1289 3028 111,
1313 2965 1368 3010 c.
1400 2941 1524 3028 80,
1557 2939 1601 3011 8
1617 2933 1702 3030 1).
1726 2941 1994 3009 Incerta
2019 2938 2259 3035 positio
2281 2938 2407 3006 hu-

245 3047 356 3141 jus
391 3049 607 3132 urbis,
641 3047 756 3118 sed
792 3061 971 3117 certe
1001 3050 1070 3117 in
1097 3046 1432 3117 Thessalia
1449 3102 1469 3137 ,
1496 3048 1671 3116 inter
1701 3047 2053 3140 Gomphos
2082 3060 2151 3115 et
2176 3045 2394 3120 Phar-

249 3153 508 3222 salum:
533 3154 798 3224 videtur
837 3169 1060 3224 tamen
1095 3155 1238 3225 haec
1279 3154 1440 3223 urbs
1472 3179 1613 3223 non
1642 3153 1897 3221 minimi
1934 3152 2128 3248 pretii
2163 3151 2413 3240 fuisse,

250 3274 398 3330 tum
431 3287 514 3330 ex
548 3262 818 3330 nomine
844 3262 1085 3357 ipsius,
1121 3276 1268 3331 tum
1306 3285 1388 3330 ex
1423 3261 1643 3330 verbis
1681 3260 2050 3329 Strabonis.
2089 3263 2196 3328 Ita
2222 3259 2410 3329 enim-

251 3367 485 3437 scribit
515 3366 556 3436 l.
595 3392 706 3451 xl,
740 3393 804 3462 p.
847 3365 997 3465 437
1033 3394 1048 3435 :
1095 3397 1129 3434 α
1177 3371 1367 3438 Jacet
1397 3360 1583 3452 (scil.
1622 3366 1924 3453 Ithome,
1970 3392 2106 3434 non
2139 3367 2399 3434 Messe-

251 3475 481 3562 niaca,
513 3475 630 3543 sed
665 3474 1043 3545 Thessalica
1079 3476 1154 3544 in
1181 3475 1647 3544 Estiaeotarum
1692 3463 2001 3568 regione)
2034 3473 2207 3540 inter
2248 3495 2418 3566 qua--

251 3595 410 3650 tuor
435 3580 712 3676 oppida,
741 3583 928 3671 quasi
948 3582 1019 3650 in
1041 3580 1467 3676 quadrilateri
1490 3580 1776 3676 figuram
1812 3578 2130 3674 disposita
2148 3630 2167 3664 ,
2206 3578 2413 3646 Trio--

253 3711 428 3777 cam,
446 3687 903 3782 Metropolim,
923 3687 1265 3757 Pelinnam
1290 3702 1360 3757 et
1377 3687 1749 3782 Gomphos.
1771 3683 2163 3780 Metropolis
2180 3697 2414 3751 autem·-

251 3795 551 3888 primum
591 3819 628 3864 e
669 3795 879 3864 tribus
922 3794 1220 3864 obscuris
1264 3793 1390 3864 fuit
1431 3793 1720 3863 conflata
1762 3788 2132 3887 oppidulis3
2172 3804 2413 3883 postea·

252 3900 482 3995 plures
515 3915 673 3970 sunt
707 3915 1095 3996 assumptae,
1133 3900 1218 3970 de
1249 3899 1486 3994 quibus
1523 3902 1722 3970 etiam
1766 3899 2051 3968 Ithome.
2088 3926 2126 3962 »
2174 3893 2401 3965 Ptole-

254 4033 462 4077 maeus
502 4005 774 4103 quoque
809 4006 1240 4104 Metropolim
1281 4008 1471 4102 ponit
1512 4008 1581 4076 in
1626 4007 2089 4075 Estiaeotarum
2134 4003 2417 4098 regione
2520 4001 2527 4008 ’

257 4139 410 4184 cum
449 4117 686 4186 Tricca
717 4130 781 4185 et
817 4115 1183 4210 Gomphis,
1215 4129 1283 4185 et
1315 4115 1368 4184 is
1399 4129 1499 4184 est
1536 4113 1678 4207 ejus
1713 4108 2066 4208 parallelus
2098 4113 2229 4208 49,
2264 4133 2361 4180 20
2384 4133 2417 4198 3.
