<?xml version="1.0" encoding="UTF-8"?>
<!DOCTYPE html PUBLIC "-//W3C//DTD XHTML 1.0 Transitional//EN"
    "http://www.w3.org/TR/xhtml1/DTD/xhtml1-transitional.dtd">
<html xmlns="http://www.w3.org/1999/xhtml" xml:lang="en" lang="en">
 <head>
  <title>
</title>
<meta http-equiv="Content-Type" content="text/html;charset=utf-8" />
  <meta name='ocr-system' content='tesseract 3.04.00' />
  <meta name='ocr-capabilities' content='ocr_page ocr_carea ocr_par ocr_line ocrx_word'/>
</head>
<body>
  <div class='ocr_page' id='page_1' title='image "./caiusjuliuscsar01unkngoog/caiusjuliuscsar01unkngoog_0434.png"; bbox 0 0 3017 5042; ppageno 0'>
   <div class='ocr_carea' id='block_1_1' title="bbox 621 475 2341 563">
    <p class='ocr_par' dir='ltr' id='par_1_1' title="bbox 621 475 2341 563">
     <span class='ocr_line' id='line_1_1' title="bbox 621 475 2341 563; baseline 0.003 -20"><span class='ocrx_word' id='word_1_1' title='bbox 621 476 754 543; x_wconf 87' lang='lat' dir='ltr'><strong>DE</strong></span> <span class='ocrx_word' id='word_1_2' title='bbox 812 475 1434 544; x_wconf 80' lang='lat' dir='ltr'><strong>GALLIARUM</strong></span> <span class='ocrx_word' id='word_1_3' title='bbox 1489 477 1943 544; x_wconf 71' lang='lat' dir='ltr'><strong>munaus.</strong></span> <span class='ocrx_word' id='word_1_4' title='bbox 2192 476 2341 563; x_wconf 67' lang='lat'><strong>425</strong></span> 
     </span>
    </p>
   </div>
   <div class='ocr_carea' id='block_1_2' title="bbox 211 606 2344 1118">
    <p class='ocr_par' dir='ltr' id='par_1_2' title="bbox 211 606 2344 1118">
     <span class='ocr_line' id='line_1_2' title="bbox 215 606 2343 701; baseline 0.001 -24"><span class='ocrx_word' id='word_1_5' title='bbox 215 622 332 677; x_wconf 86' lang='lat' dir='ltr'><strong>tro.</strong></span> <span class='ocrx_word' id='word_1_6' title='bbox 355 637 390 673; x_wconf 84' lang='lat'>»</span> <span class='ocrx_word' id='word_1_7' title='bbox 417 608 627 677; x_wconf 88' lang='lat' dir='ltr'><strong>Porro</strong></span> <span class='ocrx_word' id='word_1_8' title='bbox 653 606 869 693; x_wconf 78' lang='lat' dir='ltr'><strong>orbis,</strong></span> <span class='ocrx_word' id='word_1_9' title='bbox 905 606 986 676; x_wconf 90' lang='lat' dir='ltr'><strong>de</strong></span> <span class='ocrx_word' id='word_1_10' title='bbox 1018 632 1149 701; x_wconf 91' lang='lat' dir='ltr'><strong>quo</strong></span> <span class='ocrx_word' id='word_1_11' title='bbox 1162 608 1383 676; x_wconf 84' lang='lat' dir='ltr'><strong>Varro</strong></span> <span class='ocrx_word' id='word_1_12' title='bbox 1407 606 1722 701; x_wconf 87' lang='lat' dir='ltr'><strong>loquitur,</strong></span> <span class='ocrx_word' id='word_1_13' title='bbox 1748 621 1848 678; x_wconf 86' lang='lat' dir='ltr'><strong>est</strong></span> <span class='ocrx_word' id='word_1_14' title='bbox 1880 608 2099 677; x_wconf 88' lang='lat' dir='ltr'><strong>sulcus</strong></span> <span class='ocrx_word' id='word_1_15' title='bbox 2131 612 2197 677; x_wconf 91' lang='lat' dir='ltr'><strong>in</strong></span> <span class='ocrx_word' id='word_1_16' title='bbox 2226 636 2343 679; x_wconf 81' lang='lat' dir='ltr'><strong>or-</strong></span> 
     </span>
     <span class='ocr_line' id='line_1_3' title="bbox 213 712 2341 809; baseline 0.001 -28"><span class='ocrx_word' id='word_1_17' title='bbox 213 715 364 783; x_wconf 91' lang='lat' dir='ltr'><strong>bem·</strong></span> <span class='ocrx_word' id='word_1_18' title='bbox 379 713 655 798; x_wconf 86' lang='lat' dir='ltr'><strong>ductus;</strong></span> <span class='ocrx_word' id='word_1_19' title='bbox 683 713 920 781; x_wconf 77' lang='lat' dir='ltr'><strong>arbum</strong></span> <span class='ocrx_word' id='word_1_20' title='bbox 951 727 1051 808; x_wconf 86' lang='lat' dir='ltr'><strong>est</strong></span> <span class='ocrx_word' id='word_1_21' title='bbox 1081 714 1281 783; x_wconf 83' lang='lat' dir='ltr'><strong>aratri</strong></span> <span class='ocrx_word' id='word_1_22' title='bbox 1308 737 1492 806; x_wconf 90' lang='lat' dir='ltr'><strong>pars,</strong></span> <span class='ocrx_word' id='word_1_23' title='bbox 1517 712 1707 805; x_wconf 87' lang='lat' dir='ltr'><strong>cujus</strong></span> <span class='ocrx_word' id='word_1_24' title='bbox 1736 738 1865 809; x_wconf 91' lang='lat' dir='ltr'><strong>ope</strong></span> <span class='ocrx_word' id='word_1_25' title='bbox 1893 712 2113 783; x_wconf 91' lang='lat' dir='ltr'><strong>sulcus</strong></span> <span class='ocrx_word' id='word_1_26' title='bbox 2142 716 2341 785; x_wconf 85' lang='lat' dir='ltr'><strong>duce-</strong></span> 
     </span>
     <span class='ocr_line' id='line_1_4' title="bbox 211 820 2343 905; baseline 0.001 -18"><span class='ocrx_word' id='word_1_27' title='bbox 211 820 422 889; x_wconf 82' lang='lat' dir='ltr'><strong>batur.</strong></span> <span class='ocrx_word' id='word_1_28' title='bbox 461 822 708 889; x_wconf 80' lang='lat' dir='ltr'><strong>Praeter</strong></span> <span class='ocrx_word' id='word_1_29' title='bbox 739 822 1156 905; x_wconf 87' lang='lat' dir='ltr'><strong>Varronem,</strong></span> <span class='ocrx_word' id='word_1_30' title='bbox 1198 820 1488 887; x_wconf 91' lang='lat' dir='ltr'><strong>Ennium</strong></span> <span class='ocrx_word' id='word_1_31' title='bbox 1520 833 1587 888; x_wconf 90' lang='lat' dir='ltr'><strong>et</strong></span> <span class='ocrx_word' id='word_1_32' title='bbox 1624 820 1942 890; x_wconf 85' lang='lat' dir='ltr'><strong>Ovidium</strong></span> <span class='ocrx_word' id='word_1_33' title='bbox 1979 836 2047 889; x_wconf 91' lang='lat' dir='ltr'><strong>et</strong></span> <span class='ocrx_word' id='word_1_34' title='bbox 2075 824 2343 891; x_wconf 86' lang='lat' dir='ltr'><strong>Festum</strong></span> 
     </span>
     <span class='ocr_line' id='line_1_5' title="bbox 212 925 2344 1020; baseline 0.001 -27"><span class='ocrx_word' id='word_1_35' title='bbox 212 925 385 995; x_wconf 87' lang='lat' dir='ltr'><strong>adire</strong></span> <span class='ocrx_word' id='word_1_36' title='bbox 427 926 695 1019; x_wconf 87' lang='lat' dir='ltr'><strong>poteris.</strong></span> <span class='ocrx_word' id='word_1_37' title='bbox 740 927 856 993; x_wconf 89' lang='lat' dir='ltr'><strong>De·</strong></span> <span class='ocrx_word' id='word_1_38' title='bbox 892 926 1162 1018; x_wconf 86' lang='lat' dir='ltr'><strong>regione</strong></span> <span class='ocrx_word' id='word_1_39' title='bbox 1201 940 1268 992; x_wconf 83' lang='lat' dir='ltr'><strong>et</strong></span> <span class='ocrx_word' id='word_1_40' title='bbox 1301 940 1478 994; x_wconf 85' lang='lat' dir='ltr'><strong>terra</strong></span> <span class='ocrx_word' id='word_1_41' title='bbox 1520 950 1605 994; x_wconf 89' lang='lat' dir='ltr'><strong>ne</strong></span> <span class='ocrx_word' id='word_1_42' title='bbox 1634 928 1882 996; x_wconf 87' lang='lat' dir='ltr'><strong>mentio</strong></span> <span class='ocrx_word' id='word_1_43' title='bbox 1918 926 2184 1020; x_wconf 90' lang='lat' dir='ltr'><strong>quidem</strong></span> <span class='ocrx_word' id='word_1_44' title='bbox 2224 942 2344 997; x_wconf 90' lang='lat' dir='ltr'><strong>est.</strong></span> 
     </span>
     <span class='ocr_line' id='line_1_6' title="bbox 213 1026 1548 1118; baseline 0 -19"><span class='ocrx_word' id='word_1_45' title='bbox 213 1030 486 1099; x_wconf 87' lang='lat' dir='ltr'><strong>Ovidius</strong></span> <span class='ocrx_word' id='word_1_46' title='bbox 521 1032 648 1117; x_wconf 90' lang='lat' dir='ltr'><strong>ait,</strong></span> <span class='ocrx_word' id='word_1_47' title='bbox 687 1028 797 1099; x_wconf 89' lang='lat' dir='ltr'><strong>lib.</strong></span> <span class='ocrx_word' id='word_1_48' title='bbox 838 1054 912 1100; x_wconf 89' lang='lat' dir='ltr'><strong>1v</strong></span> <span class='ocrx_word' id='word_1_49' title='bbox 951 1030 1315 1118; x_wconf 85' lang='lat' dir='ltr'><strong>fastorum,</strong></span> <span class='ocrx_word' id='word_1_50' title='bbox 1355 1026 1548 1102; x_wconf 80' lang='lat'>825:</span> 
     </span>
    </p>
   </div>
   <div class='ocr_carea' id='block_1_3' title="bbox 562 1192 1992 1367">
    <p class='ocr_par' dir='ltr' id='par_1_3' title="bbox 562 1192 1992 1367">
     <span class='ocr_line' id='line_1_7' title="bbox 562 1192 1992 1271; baseline 0.002 -21"><span class='ocrx_word' id='word_1_51' title='bbox 562 1192 707 1251; x_wconf 89' lang='lat' dir='ltr'><strong>Inde</strong></span> <span class='ocrx_word' id='word_1_52' title='bbox 734 1212 1002 1271; x_wconf 87' lang='lat' dir='ltr'><strong>premens</strong></span> <span class='ocrx_word' id='word_1_53' title='bbox 1029 1193 1236 1251; x_wconf 87' lang='lat' dir='ltr'><strong>stivam</strong></span> <span class='ocrx_word' id='word_1_54' title='bbox 1266 1193 1528 1271; x_wconf 87' lang='lat' dir='ltr'><strong>designat</strong></span> <span class='ocrx_word' id='word_1_55' title='bbox 1556 1196 1765 1252; x_wconf 78' lang='lat' dir='ltr'><strong>moenia</strong></span> <span class='ocrx_word' id='word_1_56' title='bbox 1799 1197 1958 1255; x_wconf 87' lang='lat' dir='ltr'><strong>sulco</strong></span> <span class='ocrx_word' id='word_1_57' title='bbox 1974 1240 1992 1267; x_wconf 96' lang='lat'><strong>,</strong></span> 
     </span>
     <span class='ocr_line' id='line_1_8' title="bbox 641 1280 1932 1367; baseline 0.002 -21"><span class='ocrx_word' id='word_1_58' title='bbox 641 1287 793 1347; x_wconf 78' lang='lat' dir='ltr'><strong>Alba</strong></span> <span class='ocrx_word' id='word_1_59' title='bbox 811 1288 1015 1367; x_wconf 88' lang='lat' dir='ltr'><strong>jugum</strong></span> <span class='ocrx_word' id='word_1_60' title='bbox 1044 1289 1216 1347; x_wconf 88' lang='lat' dir='ltr'><strong>niveo</strong></span> <span class='ocrx_word' id='word_1_61' title='bbox 1245 1308 1378 1347; x_wconf 90' lang='lat' dir='ltr'><strong>cum</strong></span> <span class='ocrx_word' id='word_1_62' title='bbox 1408 1288 1563 1348; x_wconf 84' lang='lat' dir='ltr'><strong>bove</strong></span> <span class='ocrx_word' id='word_1_63' title='bbox 1581 1310 1758 1349; x_wconf 85' lang='lat' dir='ltr'><strong>vacca</strong></span> <span class='ocrx_word' id='word_1_64' title='bbox 1782 1280 1932 1349; x_wconf 65' lang='lat' dir='ltr'><strong>tulitj</strong></span> 
     </span>
    </p>
   </div>
   <div class='ocr_carea' id='block_1_4' title="bbox 209 1463 2350 4000">
    <p class='ocr_par' dir='ltr' id='par_1_4' title="bbox 209 1463 2349 2512">
     <span class='ocr_line' id='line_1_9' title="bbox 211 1463 2349 1550; baseline 0.001 -20"><span class='ocrx_word' id='word_1_65' title='bbox 211 1463 442 1532; x_wconf 83' lang='lat' dir='ltr'><strong>Nescio</strong></span> <span class='ocrx_word' id='word_1_66' title='bbox 469 1476 690 1531; x_wconf 91' lang='lat' dir='ltr'><strong>tamen</strong></span> <span class='ocrx_word' id='word_1_67' title='bbox 707 1515 726 1550; x_wconf 96' lang='lat'><strong>,</strong></span> <span class='ocrx_word' id='word_1_68' title='bbox 741 1488 862 1532; x_wconf 89' lang='lat' dir='ltr'><strong>cur</strong></span> <span class='ocrx_word' id='word_1_69' title='bbox 881 1465 1468 1533; x_wconf 80' lang='lat' dir='ltr'><strong>Caesaremcontra</strong></span> <span class='ocrx_word' id='word_1_70' title='bbox 1491 1463 1595 1532; x_wconf 90' lang='lat' dir='ltr'><strong>Cl.</strong></span> <span class='ocrx_word' id='word_1_71' title='bbox 1623 1466 1935 1533; x_wconf 70' lang='lat' dir='ltr'><strong>Dulaum</strong></span> <span class='ocrx_word' id='word_1_72' title='bbox 1957 1463 2349 1533; x_wconf 74' lang='lat' dir='ltr'><strong>defendam:</strong></span> 
     </span>
     <span class='ocr_line' id='line_1_10' title="bbox 211 1567 2345 1662; baseline 0.002 -26"><span class='ocrx_word' id='word_1_73' title='bbox 211 1569 514 1662; x_wconf 81' lang='lat' dir='ltr'><strong>opinatus</strong></span> <span class='ocrx_word' id='word_1_74' title='bbox 535 1582 634 1637; x_wconf 91' lang='lat' dir='ltr'><strong>est</strong></span> <span class='ocrx_word' id='word_1_75' title='bbox 657 1567 830 1637; x_wconf 87' lang='lat' dir='ltr'><strong>forte</strong></span> <span class='ocrx_word' id='word_1_76' title='bbox 853 1568 1268 1640; x_wconf 88' lang='lat' dir='ltr'><strong>adversarius</strong></span> <span class='ocrx_word' id='word_1_77' title='bbox 1293 1584 1550 1657; x_wconf 90' lang='lat' dir='ltr'><strong>noster,</strong></span> <span class='ocrx_word' id='word_1_78' title='bbox 1578 1572 1957 1638; x_wconf 86' lang='lat' dir='ltr'><strong>Romanum</strong></span> <span class='ocrx_word' id='word_1_79' title='bbox 1989 1568 2207 1659; x_wconf 89' lang='lat' dir='ltr'><strong>illum,</strong></span> <span class='ocrx_word' id='word_1_80' title='bbox 2241 1586 2345 1640; x_wconf 92' lang='lat' dir='ltr'><strong>ut·</strong></span> 
     </span>
     <span class='ocr_line' id='line_1_11' title="bbox 210 1675 2343 1771; baseline 0.001 -28"><span class='ocrx_word' id='word_1_81' title='bbox 210 1688 362 1766; x_wconf 88' lang='lat' dir='ltr'><strong>pote</strong></span> <span class='ocrx_word' id='word_1_82' title='bbox 388 1676 503 1769; x_wconf 84' lang='lat' dir='ltr'><strong>qui</strong></span> <span class='ocrx_word' id='word_1_83' title='bbox 530 1675 682 1747; x_wconf 87' lang='lat' dir='ltr'><strong>vitae</strong></span> <span class='ocrx_word' id='word_1_84' title='bbox 718 1676 1074 1744; x_wconf 83' lang='lat' dir='ltr'><strong>maximam</strong></span> <span class='ocrx_word' id='word_1_85' title='bbox 1113 1690 1371 1770; x_wconf 86' lang='lat' dir='ltr'><strong>partem</strong></span> <span class='ocrx_word' id='word_1_86' title='bbox 1389 1678 1472 1743; x_wconf 78' lang='lat' dir='ltr'><strong>in</strong></span> <span class='ocrx_word' id='word_1_87' title='bbox 1507 1677 1869 1770; x_wconf 87' lang='lat' dir='ltr'><strong>provinciis</strong></span> <span class='ocrx_word' id='word_1_88' title='bbox 1904 1676 2211 1771; x_wconf 82' lang='lat' dir='ltr'><strong>degisset,</strong></span> <span class='ocrx_word' id='word_1_89' title='bbox 2233 1702 2343 1745; x_wconf 91' lang='lat' dir='ltr'><strong>ur-</strong></span> 
     </span>
     <span class='ocr_line' id='line_1_12' title="bbox 211 1779 2347 1877; baseline 0.003 -30"><span class='ocrx_word' id='word_1_90' title='bbox 211 1779 362 1849; x_wconf 87' lang='lat' dir='ltr'><strong>bani</strong></span> <span class='ocrx_word' id='word_1_91' title='bbox 391 1804 471 1851; x_wconf 89' lang='lat' dir='ltr'><strong>ac</strong></span> <span class='ocrx_word' id='word_1_92' title='bbox 508 1782 744 1849; x_wconf 87' lang='lat' dir='ltr'><strong>sinceri</strong></span> <span class='ocrx_word' id='word_1_93' title='bbox 783 1783 1106 1852; x_wconf 86' lang='lat' dir='ltr'><strong>sermonis</strong></span> <span class='ocrx_word' id='word_1_94' title='bbox 1147 1784 1452 1877; x_wconf 65' lang='lat' dir='ltr'><strong>ignia-um</strong></span> <span class='ocrx_word' id='word_1_95' title='bbox 1493 1782 1725 1865; x_wconf 87' lang='lat' dir='ltr'><strong>fuisse,</strong></span> <span class='ocrx_word' id='word_1_96' title='bbox 1768 1784 1859 1852; x_wconf 92' lang='lat' dir='ltr'><strong>ita</strong></span> <span class='ocrx_word' id='word_1_97' title='bbox 1886 1796 1965 1851; x_wconf 92' lang='lat' dir='ltr'><strong>ut</strong></span> <span class='ocrx_word' id='word_1_98' title='bbox 1990 1782 2347 1877; x_wconf 81' lang='lat' dir='ltr'><strong>oppidano</strong></span> 
     </span>
     <span class='ocr_line' id='line_1_13' title="bbox 209 1886 2346 1983; baseline 0.001 -27"><span class='ocrx_word' id='word_1_99' title='bbox 209 1886 508 1980; x_wconf 77' lang='lat' dir='ltr'><strong>quodam</strong></span> <span class='ocrx_word' id='word_1_100' title='bbox 541 1900 612 1955; x_wconf 84' lang='lat' dir='ltr'><strong>et</strong></span> <span class='ocrx_word' id='word_1_101' title='bbox 643 1887 992 1957; x_wconf 77' lang='lat' dir='ltr'><strong>incondito</strong></span> <span class='ocrx_word' id='word_1_102' title='bbox 1031 1887 1306 1958; x_wconf 77' lang='lat' dir='ltr'><strong>dicendi</strong></span> <span class='ocrx_word' id='word_1_103' title='bbox 1332 1912 1584 1983; x_wconf 81' lang='lat' dir='ltr'><strong>genere</strong></span> <span class='ocrx_word' id='word_1_104' title='bbox 1618 1902 1933 1957; x_wconf 88' lang='lat' dir='ltr'><strong>uteretur.</strong></span> <span class='ocrx_word' id='word_1_105' title='bbox 1974 1892 2137 1957; x_wconf 89' lang='lat' dir='ltr'><strong>Haec</strong></span> <span class='ocrx_word' id='word_1_106' title='bbox 2166 1891 2346 1959; x_wconf 91' lang='lat' dir='ltr'><strong>Cice·</strong></span> 
     </span>
     <span class='ocr_line' id='line_1_14' title="bbox 211 1993 2344 2089; baseline 0.003 -30"><span class='ocrx_word' id='word_1_107' title='bbox 211 1994 384 2062; x_wconf 89' lang='lat' dir='ltr'><strong>ronis</strong></span> <span class='ocrx_word' id='word_1_108' title='bbox 411 1993 616 2061; x_wconf 88' lang='lat' dir='ltr'><strong>verba</strong></span> <span class='ocrx_word' id='word_1_109' title='bbox 652 2008 882 2089; x_wconf 88' lang='lat' dir='ltr'><strong>aperte</strong></span> <span class='ocrx_word' id='word_1_110' title='bbox 921 1993 1411 2082; x_wconf 79' lang='lat' dir='ltr'><strong>demonstrant,</strong></span> <span class='ocrx_word' id='word_1_111' title='bbox 1443 1994 1689 2089; x_wconf 86' lang='lat' dir='ltr'><strong>oppida</strong></span> <span class='ocrx_word' id='word_1_112' title='bbox 1720 1994 2067 2063; x_wconf 83' lang='lat' dir='ltr'><strong>hominum</strong></span> <span class='ocrx_word' id='word_1_113' title='bbox 2103 1995 2344 2065; x_wconf 78' lang='lat' dir='ltr'><strong>referta</strong></span> 
     </span>
     <span class='ocr_line' id='line_1_15' title="bbox 211 2097 2343 2195; baseline 0.002 -30"><span class='ocrx_word' id='word_1_114' title='bbox 211 2100 558 2185; x_wconf 81' lang='lat' dir='ltr'><strong>exstitisse3</strong></span> <span class='ocrx_word' id='word_1_115' title='bbox 587 2097 744 2169; x_wconf 89' lang='lat' dir='ltr'><strong>alias</strong></span> <span class='ocrx_word' id='word_1_116' title='bbox 773 2098 953 2169; x_wconf 86' lang='lat' dir='ltr'><strong>nulla</strong></span> <span class='ocrx_word' id='word_1_117' title='bbox 999 2125 1242 2195; x_wconf 80' lang='lat' dir='ltr'><strong>genera</strong></span> <span class='ocrx_word' id='word_1_118' title='bbox 1281 2101 1543 2171; x_wconf 88' lang='lat' dir='ltr'><strong>dicendi</strong></span> <span class='ocrx_word' id='word_1_119' title='bbox 1572 2126 1695 2169; x_wconf 91' lang='lat' dir='ltr'><strong>nec</strong></span> <span class='ocrx_word' id='word_1_120' title='bbox 1735 2124 1941 2195; x_wconf 82' lang='lat' dir='ltr'><strong>prava</strong></span> <span class='ocrx_word' id='word_1_121' title='bbox 1971 2126 2185 2194; x_wconf 88' lang='lat' dir='ltr'><strong>neque</strong></span> <span class='ocrx_word' id='word_1_122' title='bbox 2214 2100 2343 2170; x_wconf 91' lang='lat' dir='ltr'><strong>ele-</strong></span> 
     </span>
     <span class='ocr_line' id='line_1_16' title="bbox 211 2204 2349 2301; baseline 0.001 -28"><span class='ocrx_word' id='word_1_123' title='bbox 211 2207 432 2297; x_wconf 85' lang='lat' dir='ltr'><strong>gantia</strong></span> <span class='ocrx_word' id='word_1_124' title='bbox 478 2205 569 2273; x_wconf 90' lang='lat' dir='ltr'><strong>ibi</strong></span> <span class='ocrx_word' id='word_1_125' title='bbox 612 2204 1126 2299; x_wconf 82' lang='lat' dir='ltr'><strong>praevaluissent.</strong></span> <span class='ocrx_word' id='word_1_126' title='bbox 1177 2210 1396 2277; x_wconf 84' lang='lat' dir='ltr'><strong>Varro</strong></span> <span class='ocrx_word' id='word_1_127' title='bbox 1433 2207 1719 2301; x_wconf 87' lang='lat' dir='ltr'><strong>denique</strong></span> <span class='ocrx_word' id='word_1_128' title='bbox 1754 2205 1936 2276; x_wconf 85' lang='lat' dir='ltr'><strong>litem</strong></span> <span class='ocrx_word' id='word_1_129' title='bbox 1978 2207 2349 2293; x_wconf 82' lang='lat' dir='ltr'><strong>dirimeret,</strong></span> 
     </span>
     <span class='ocr_line' id='line_1_17' title="bbox 211 2310 2345 2408; baseline 0.002 -31"><span class='ocrx_word' id='word_1_130' title='bbox 211 2310 572 2383; x_wconf 87' lang='lat' dir='ltr'><strong>dummodo</strong></span> <span class='ocrx_word' id='word_1_131' title='bbox 595 2310 673 2380; x_wconf 86' lang='lat' dir='ltr'><strong>lis</strong></span> <span class='ocrx_word' id='word_1_132' title='bbox 697 2311 987 2401; x_wconf 82' lang='lat' dir='ltr'><strong>adesset,</strong></span> <span class='ocrx_word' id='word_1_133' title='bbox 1013 2314 1106 2381; x_wconf 87' lang='lat' dir='ltr'><strong>ait</strong></span> <span class='ocrx_word' id='word_1_134' title='bbox 1133 2316 1312 2383; x_wconf 91' lang='lat' dir='ltr'><strong>enim</strong></span> <span class='ocrx_word' id='word_1_135' title='bbox 1337 2338 1643 2408; x_wconf 86' lang='lat' dir='ltr'><strong>expresse</strong></span> <span class='ocrx_word' id='word_1_136' title='bbox 1676 2313 1977 2405; x_wconf 72' lang='lat' dir='ltr'><strong>:referta</strong></span> <span class='ocrx_word' id='word_1_137' title='bbox 2004 2314 2345 2384; x_wconf 76' lang='lat' dir='ltr'><strong>hominum</strong></span> 
     </span>
     <span class='ocr_line' id='line_1_18' title="bbox 210 2412 678 2512; baseline 0.004 -29"><span class='ocrx_word' id='word_1_138' title='bbox 210 2417 488 2512; x_wconf 80' lang='lat' dir='ltr'><strong>oppida.</strong></span> <span class='ocrx_word' id='word_1_139' title='bbox 670 2412 678 2417; x_wconf 42' lang='lat'>¹</span> 
     </span>
    </p>

    <p class='ocr_par' dir='ltr' id='par_1_5' title="bbox 209 2524 2350 3681">
     <span class='ocr_line' id='line_1_19' title="bbox 311 2524 2349 2621; baseline 0.002 -30"><span class='ocrx_word' id='word_1_140' title='bbox 311 2526 484 2592; x_wconf 89' lang='lat' dir='ltr'><strong>Rem</strong></span> <span class='ocrx_word' id='word_1_141' title='bbox 521 2548 700 2594; x_wconf 91' lang='lat' dir='ltr'><strong>nunc</strong></span> <span class='ocrx_word' id='word_1_142' title='bbox 738 2525 822 2593; x_wconf 90' lang='lat' dir='ltr'><strong>ad</strong></span> <span class='ocrx_word' id='word_1_143' title='bbox 859 2524 1180 2619; x_wconf 90' lang='lat' dir='ltr'><strong>liquidum</strong></span> <span class='ocrx_word' id='word_1_144' title='bbox 1207 2526 1742 2621; x_wconf 80' lang='lat' dir='ltr'><strong>explanavimus3</strong></span> <span class='ocrx_word' id='word_1_145' title='bbox 1784 2542 1853 2597; x_wconf 90' lang='lat' dir='ltr'><strong>et</strong></span> <span class='ocrx_word' id='word_1_146' title='bbox 1894 2530 2047 2597; x_wconf 89' lang='lat' dir='ltr'><strong>satis</strong></span> <span class='ocrx_word' id='word_1_147' title='bbox 2090 2541 2349 2596; x_wconf 86' lang='lat' dir='ltr'><strong>constat</strong></span> 
     </span>
     <span class='ocr_line' id='line_1_20' title="bbox 209 2628 2347 2727; baseline 0.002 -31"><span class='ocrx_word' id='word_1_148' title='bbox 209 2628 456 2725; x_wconf 87' lang='lat' dir='ltr'><strong>oppida</strong></span> <span class='ocrx_word' id='word_1_149' title='bbox 471 2628 670 2699; x_wconf 86' lang='lat' dir='ltr'><strong>fuisse</strong></span> <span class='ocrx_word' id='word_1_150' title='bbox 686 2629 1018 2701; x_wconf 86' lang='lat' dir='ltr'><strong>domicilia</strong></span> <span class='ocrx_word' id='word_1_151' title='bbox 1035 2630 1404 2720; x_wconf 87' lang='lat' dir='ltr'><strong>Gallorum,</strong></span> <span class='ocrx_word' id='word_1_152' title='bbox 1419 2647 1496 2701; x_wconf 90' lang='lat' dir='ltr'><strong>ut</strong></span> <span class='ocrx_word' id='word_1_153' title='bbox 1519 2634 1586 2702; x_wconf 89' lang='lat' dir='ltr'><strong>in</strong></span> <span class='ocrx_word' id='word_1_154' title='bbox 1614 2631 1867 2727; x_wconf 86' lang='lat' dir='ltr'><strong>reliqua</strong></span> <span class='ocrx_word' id='word_1_155' title='bbox 1880 2648 2080 2701; x_wconf 90' lang='lat' dir='ltr'><strong>terra.</strong></span> <span class='ocrx_word' id='word_1_156' title='bbox 2094 2636 2265 2702; x_wconf 87' lang='lat' dir='ltr'><strong>Rom</strong></span> <span class='ocrx_word' id='word_1_157' title='bbox 2273 2658 2347 2701; x_wconf 87' lang='lat' dir='ltr'><strong>a·</strong></span> 
     </span>
     <span class='ocr_line' id='line_1_21' title="bbox 211 2737 2343 2833; baseline 0.001 -30"><span class='ocrx_word' id='word_1_158' title='bbox 211 2737 522 2805; x_wconf 85' lang='lat' dir='ltr'><strong>nisenim</strong></span> <span class='ocrx_word' id='word_1_159' title='bbox 549 2737 924 2806; x_wconf 85' lang='lat' dir='ltr'><strong>scribebant</strong></span> <span class='ocrx_word' id='word_1_160' title='bbox 958 2740 1181 2807; x_wconf 88' lang='lat' dir='ltr'><strong>Caesar</strong></span> <span class='ocrx_word' id='word_1_161' title='bbox 1217 2737 1456 2833; x_wconf 87' lang='lat' dir='ltr'><strong>aliique</strong></span> <span class='ocrx_word' id='word_1_162' title='bbox 1493 2764 1717 2807; x_wconf 86' lang='lat' dir='ltr'><strong>rerum</strong></span> <span class='ocrx_word' id='word_1_163' title='bbox 1754 2753 2131 2807; x_wconf 88' lang='lat' dir='ltr'><strong>narratores</strong></span> <span class='ocrx_word' id='word_1_164' title='bbox 2151 2791 2171 2824; x_wconf 91' lang='lat'><strong>,</strong></span> <span class='ocrx_word' id='word_1_165' title='bbox 2208 2762 2343 2807; x_wconf 92' lang='lat' dir='ltr'><strong>non</strong></span> 
     </span>
     <span class='ocr_line' id='line_1_22' title="bbox 211 2840 2347 2939; baseline 0.001 -28"><span class='ocrx_word' id='word_1_166' title='bbox 211 2840 440 2911; x_wconf 90' lang='lat' dir='ltr'><strong>Gallis.</strong></span> <span class='ocrx_word' id='word_1_167' title='bbox 482 2842 722 2936; x_wconf 83' lang='lat' dir='ltr'><strong>Itaque</strong></span> <span class='ocrx_word' id='word_1_168' title='bbox 769 2844 1229 2937; x_wconf 85' lang='lat' dir='ltr'><strong>significabant</strong></span> <span class='ocrx_word' id='word_1_169' title='bbox 1282 2870 1422 2914; x_wconf 89' lang='lat' dir='ltr'><strong>rem</strong></span> <span class='ocrx_word' id='word_1_170' title='bbox 1485 2870 1951 2939; x_wconf 89' lang='lat' dir='ltr'><strong>quamcunque</strong></span> <span class='ocrx_word' id='word_1_171' title='bbox 1993 2844 2199 2914; x_wconf 87' lang='lat' dir='ltr'><strong>verbo</strong></span> <span class='ocrx_word' id='word_1_172' title='bbox 2218 2898 2236 2931; x_wconf 93' lang='lat'><strong>,</strong></span> <span class='ocrx_word' id='word_1_173' title='bbox 2278 2846 2347 2913; x_wconf 89' lang='lat' dir='ltr'><strong>in</strong></span> 
     </span>
     <span class='ocr_line' id='line_1_23' title="bbox 209 2947 2348 3040; baseline 0.001 -24"><span class='ocrx_word' id='word_1_174' title='bbox 209 2948 402 3017; x_wconf 89' lang='lat' dir='ltr'><strong>Italia</strong></span> <span class='ocrx_word' id='word_1_175' title='bbox 420 3000 440 3033; x_wconf 93' lang='lat'>‚</span> <span class='ocrx_word' id='word_1_176' title='bbox 463 2947 546 3017; x_wconf 90' lang='lat' dir='ltr'><strong>de</strong></span> <span class='ocrx_word' id='word_1_177' title='bbox 579 2948 804 3017; x_wconf 84' lang='lat' dir='ltr'><strong>eadem</strong></span> <span class='ocrx_word' id='word_1_178' title='bbox 837 2974 909 3017; x_wconf 89' lang='lat' dir='ltr'><strong>re</strong></span> <span class='ocrx_word' id='word_1_179' title='bbox 945 2951 1206 3020; x_wconf 88' lang='lat' dir='ltr'><strong>usitato.</strong></span> <span class='ocrx_word' id='word_1_180' title='bbox 1247 2950 1450 3040; x_wconf 90' lang='lat' dir='ltr'><strong>Quod</strong></span> <span class='ocrx_word' id='word_1_181' title='bbox 1474 2952 1529 3020; x_wconf 91' lang='lat' dir='ltr'><strong>si</strong></span> <span class='ocrx_word' id='word_1_182' title='bbox 1562 2952 1783 3019; x_wconf 86' lang='lat' dir='ltr'><strong>minus</strong></span> <span class='ocrx_word' id='word_1_183' title='bbox 1813 2950 2149 3038; x_wconf 86' lang='lat' dir='ltr'><strong>fecissent,</strong></span> <span class='ocrx_word' id='word_1_184' title='bbox 2185 2949 2348 3020; x_wconf 90' lang='lat' dir='ltr'><strong>nulli</strong></span> 
     </span>
     <span class='ocr_line' id='line_1_24' title="bbox 212 3052 2345 3151; baseline 0.002 -28"><span class='ocrx_word' id='word_1_185' title='bbox 212 3055 334 3123; x_wconf 90' lang='lat' dir='ltr'><strong>sub</strong></span> <span class='ocrx_word' id='word_1_186' title='bbox 395 3053 889 3149; x_wconf 84' lang='lat' dir='ltr'><strong>intelligentiam</strong></span> <span class='ocrx_word' id='word_1_187' title='bbox 947 3054 1286 3127; x_wconf 84' lang='lat' dir='ltr'><strong>cecidisset</strong></span> <span class='ocrx_word' id='word_1_188' title='bbox 1327 3052 1559 3126; x_wconf 80' lang='lat' dir='ltr'><strong>eorum</strong></span> <span class='ocrx_word' id='word_1_189' title='bbox 1620 3059 1967 3151; x_wconf 87' lang='lat' dir='ltr'><strong>scriptura.</strong></span> <span class='ocrx_word' id='word_1_190' title='bbox 2026 3059 2345 3147; x_wconf 85' lang='lat' dir='ltr'><strong>Quoties-</strong></span> 
     </span>
     <span class='ocr_line' id='line_1_25' title="bbox 209 3162 2345 3258; baseline 0.002 -29"><span class='ocrx_word' id='word_1_191' title='bbox 209 3182 476 3253; x_wconf 87' lang='lat' dir='ltr'><strong>cunque</strong></span> <span class='ocrx_word' id='word_1_192' title='bbox 504 3162 706 3255; x_wconf 84' lang='lat' dir='ltr'><strong>igitur</strong></span> <span class='ocrx_word' id='word_1_193' title='bbox 722 3162 1092 3233; x_wconf 87' lang='lat' dir='ltr'><strong>differentia</strong></span> <span class='ocrx_word' id='word_1_194' title='bbox 1107 3215 1126 3250; x_wconf 95' lang='lat'><strong>,</strong></span> <span class='ocrx_word' id='word_1_195' title='bbox 1153 3164 1454 3258; x_wconf 85' lang='lat' dir='ltr'><strong>quamvis</strong></span> <span class='ocrx_word' id='word_1_196' title='bbox 1475 3164 1747 3233; x_wconf 88' lang='lat' dir='ltr'><strong>minima</strong></span> <span class='ocrx_word' id='word_1_197' title='bbox 1761 3217 1779 3250; x_wconf 91' lang='lat'><strong>,</strong></span> <span class='ocrx_word' id='word_1_198' title='bbox 1803 3164 1871 3231; x_wconf 92' lang='lat' dir='ltr'><strong>in</strong></span> <span class='ocrx_word' id='word_1_199' title='bbox 1894 3162 2091 3233; x_wconf 87' lang='lat' dir='ltr'><strong>rebus</strong></span> <span class='ocrx_word' id='word_1_200' title='bbox 2112 3171 2345 3233; x_wconf 87' lang='lat' dir='ltr'><strong>oc&#39;cur·</strong></span> 
     </span>
     <span class='ocr_line' id='line_1_26' title="bbox 209 3266 2346 3364; baseline 0.002 -30"><span class='ocrx_word' id='word_1_201' title='bbox 209 3266 766 3354; x_wconf 85' lang='lat' dir='ltr'><strong>rebat‚.lectorem</strong></span> <span class='ocrx_word' id='word_1_202' title='bbox 789 3293 1140 3357; x_wconf 90' lang='lat' dir='ltr'><strong>monuere,</strong></span> <span class='ocrx_word' id='word_1_203' title='bbox 1168 3296 1252 3338; x_wconf 93' lang='lat' dir='ltr'><strong>ne</strong></span> <span class='ocrx_word' id='word_1_204' title='bbox 1266 3270 1626 3340; x_wconf 88' lang='lat' dir='ltr'><strong>verborum</strong></span> <span class='ocrx_word' id='word_1_205' title='bbox 1656 3268 2077 3339; x_wconf 87' lang='lat' dir='ltr'><strong>similitudine</strong></span> <span class='ocrx_word' id='word_1_206' title='bbox 2096 3270 2346 3364; x_wconf 89' lang='lat' dir='ltr'><strong>decipe-</strong></span> 
     </span>
     <span class='ocr_line' id='line_1_27' title="bbox 210 3374 2350 3471; baseline 0.002 -30"><span class='ocrx_word' id='word_1_207' title='bbox 210 3388 416 3441; x_wconf 89' lang='lat' dir='ltr'><strong>retur.</strong></span> <span class='ocrx_word' id='word_1_208' title='bbox 431 3374 889 3463; x_wconf 81' lang='lat' dir='ltr'><strong>Quamobrem</strong></span> <span class='ocrx_word' id='word_1_209' title='bbox 905 3378 1128 3445; x_wconf 85' lang='lat' dir='ltr'><strong>Caesar</strong></span> <span class='ocrx_word' id='word_1_210' title='bbox 1143 3377 1494 3446; x_wconf 84' lang='lat' dir='ltr'><strong>Britanniae</strong></span> <span class='ocrx_word' id='word_1_211' title='bbox 1505 3375 1753 3471; x_wconf 87' lang='lat' dir='ltr'><strong>oppida</strong></span> <span class='ocrx_word' id='word_1_212' title='bbox 1772 3376 1915 3445; x_wconf 88' lang='lat' dir='ltr'><strong>fuse</strong></span> <span class='ocrx_word' id='word_1_213' title='bbox 1927 3375 2259 3461; x_wconf 88' lang='lat' dir='ltr'><strong>describit,</strong></span> <span class='ocrx_word' id='word_1_214' title='bbox 2272 3391 2350 3446; x_wconf 93' lang='lat' dir='ltr'><strong>ut</strong></span> 
     </span>
     <span class='ocr_line' id='line_1_28' title="bbox 209 3480 2347 3578; baseline 0.001 -31"><span class='ocrx_word' id='word_1_215' title='bbox 209 3504 248 3547; x_wconf 91' lang='lat' dir='ltr'><strong>a</strong></span> <span class='ocrx_word' id='word_1_216' title='bbox 272 3481 616 3548; x_wconf 90' lang='lat' dir='ltr'><strong>communi</strong></span> <span class='ocrx_word' id='word_1_217' title='bbox 639 3494 966 3551; x_wconf 83' lang='lat' dir='ltr'><strong>terrarum</strong></span> <span class='ocrx_word' id='word_1_218' title='bbox 989 3508 1115 3553; x_wconf 88' lang='lat' dir='ltr'><strong>usu</strong></span> <span class='ocrx_word' id='word_1_219' title='bbox 1137 3482 1600 3578; x_wconf 85' lang='lat' dir='ltr'><strong>discrepantia.</strong></span> <span class='ocrx_word' id='word_1_220' title='bbox 1625 3484 1809 3551; x_wconf 87' lang='lat' dir='ltr'><strong>Num</strong></span> <span class='ocrx_word' id='word_1_221' title='bbox 1829 3481 2001 3549; x_wconf 86' lang='lat' dir='ltr'><strong>idem</strong></span> <span class='ocrx_word' id='word_1_222' title='bbox 2025 3481 2108 3549; x_wconf 87' lang='lat' dir='ltr'><strong>de</strong></span> <span class='ocrx_word' id='word_1_223' title='bbox 2133 3480 2347 3569; x_wconf 78' lang='lat' dir='ltr'><strong>Gallia</strong></span> 
     </span>
     <span class='ocr_line' id='line_1_29' title="bbox 209 3582 2275 3681; baseline 0.001 -28"><span class='ocrx_word' id='word_1_224' title='bbox 209 3582 411 3655; x_wconf 76' lang='lat' dir='ltr'><strong>fecit?</strong></span> <span class='ocrx_word' id='word_1_225' title='bbox 433 3587 722 3655; x_wconf 88' lang='lat' dir='ltr'><strong>minime.</strong></span> <span class='ocrx_word' id='word_1_226' title='bbox 749 3590 1046 3657; x_wconf 92' lang='lat' dir='ltr'><strong>Fuerunt</strong></span> <span class='ocrx_word' id='word_1_227' title='bbox 1064 3603 1244 3657; x_wconf 89' lang='lat' dir='ltr'><strong>certe</strong></span> <span class='ocrx_word' id='word_1_228' title='bbox 1267 3592 1565 3658; x_wconf 89' lang='lat' dir='ltr'><strong>omnium</strong></span> <span class='ocrx_word' id='word_1_229' title='bbox 1590 3586 1995 3681; x_wconf 81' lang='lat' dir='ltr'><strong>reliquorum</strong></span> <span class='ocrx_word' id='word_1_230' title='bbox 2024 3586 2275 3656; x_wconf 89' lang='lat' dir='ltr'><strong>similia.</strong></span> 
     </span>
    </p>

    <p class='ocr_par' dir='ltr' id='par_1_6' title="bbox 209 3693 2349 4000">
     <span class='ocr_line' id='line_1_30' title="bbox 319 3693 2347 3789; baseline 0.001 -30"><span class='ocrx_word' id='word_1_231' title='bbox 319 3694 576 3761; x_wconf 86' lang='lat' dir='ltr'><strong>Verum</strong></span> <span class='ocrx_word' id='word_1_232' title='bbox 625 3694 966 3762; x_wconf 83' lang='lat' dir='ltr'><strong>enimvero</strong></span> <span class='ocrx_word' id='word_1_233' title='bbox 1011 3693 1316 3762; x_wconf 90' lang='lat' dir='ltr'><strong>lubenter</strong></span> <span class='ocrx_word' id='word_1_234' title='bbox 1376 3696 1793 3789; x_wconf 84' lang='lat' dir='ltr'><strong>agnoscimus</strong></span> <span class='ocrx_word' id='word_1_235' title='bbox 1833 3693 2162 3761; x_wconf 89' lang='lat' dir='ltr'><strong>eruditum</strong></span> <span class='ocrx_word' id='word_1_236' title='bbox 2209 3696 2347 3762; x_wconf 82' lang='lat' dir='ltr'><strong>Du-</strong></span> 
     </span>
     <span class='ocr_line' id='line_1_31' title="bbox 210 3795 2345 3893; baseline 0.002 -28"><span class='ocrx_word' id='word_1_237' title='bbox 210 3800 412 3867; x_wconf 76' lang='lat' dir='ltr'><strong>lam-e</strong></span> <span class='ocrx_word' id='word_1_238' title='bbox 441 3795 680 3891; x_wconf 87' lang='lat' dir='ltr'><strong>aliquid</strong></span> <span class='ocrx_word' id='word_1_239' title='bbox 711 3800 1052 3867; x_wconf 87' lang='lat' dir='ltr'><strong>notatione</strong></span> <span class='ocrx_word' id='word_1_240' title='bbox 1079 3798 1352 3893; x_wconf 83' lang='lat' dir='ltr'><strong>dignum</strong></span> <span class='ocrx_word' id='word_1_241' title='bbox 1390 3802 1457 3868; x_wconf 91' lang='lat' dir='ltr'><strong>in</strong></span> <span class='ocrx_word' id='word_1_242' title='bbox 1477 3800 1763 3868; x_wconf 89' lang='lat' dir='ltr'><strong>medium</strong></span> <span class='ocrx_word' id='word_1_243' title='bbox 1790 3798 2081 3868; x_wconf 89' lang='lat' dir='ltr'><strong>attulisse</strong></span> <span class='ocrx_word' id='word_1_244' title='bbox 2102 3852 2121 3885; x_wconf 92' lang='lat'><strong>,</strong></span> <span class='ocrx_word' id='word_1_245' title='bbox 2139 3825 2345 3893; x_wconf 90' lang='lat' dir='ltr'><strong>quum</strong></span> 
     </span>
     <span class='ocr_line' id='line_1_32' title="bbox 209 3901 2349 4000; baseline 0.002 -29"><span class='ocrx_word' id='word_1_246' title='bbox 209 3901 582 3972; x_wconf 87' lang='lat' dir='ltr'><strong>declararet</strong></span> <span class='ocrx_word' id='word_1_247' title='bbox 634 3905 957 4000; x_wconf 78' lang='lat' dir='ltr'><strong>oppidum</strong></span> <span class='ocrx_word' id='word_1_248' title='bbox 1017 3930 1276 4000; x_wconf 91' lang='lat' dir='ltr'><strong>semper</strong></span> <span class='ocrx_word' id='word_1_249' title='bbox 1333 3906 1414 3973; x_wconf 85' lang='lat' dir='ltr'><strong>de</strong></span> <span class='ocrx_word' id='word_1_250' title='bbox 1468 3905 1615 3975; x_wconf 89' lang='lat' dir='ltr'><strong>loco</strong></span> <span class='ocrx_word' id='word_1_251' title='bbox 1663 3908 1920 3974; x_wconf 90' lang='lat' dir='ltr'><strong>munito</strong></span> <span class='ocrx_word' id='word_1_252' title='bbox 1970 3904 2243 4000; x_wconf 84' lang='lat' dir='ltr'><strong>intelligi</strong></span> <span class='ocrx_word' id='word_1_253' title='bbox 2280 3921 2349 3975; x_wconf 90' lang='lat' dir='ltr'><strong>et</strong></span> 
     </span>
    </p>
   </div>
   <div class='ocr_carea' id='block_1_5' title="bbox 90 4010 2351 4107">
    <p class='ocr_par' dir='ltr' id='par_1_7' title="bbox 90 4010 2351 4107">
     <span class='ocr_line' id='line_1_33' title="bbox 90 4010 2351 4107; baseline 0.001 -30"><span class='ocrx_word' id='word_1_254' title='bbox 90 4056 98 4063; x_wconf 77' lang='lat'><em>-</em></span> <span class='ocrx_word' id='word_1_255' title='bbox 214 4010 546 4079; x_wconf 85' lang='lat' dir='ltr'><strong>moenibus</strong></span> <span class='ocrx_word' id='word_1_256' title='bbox 565 4012 803 4081; x_wconf 90' lang='lat' dir='ltr'><strong>cincto.</strong></span> <span class='ocrx_word' id='word_1_257' title='bbox 827 4012 1008 4100; x_wconf 90' lang='lat' dir='ltr'><strong>Quin</strong></span> <span class='ocrx_word' id='word_1_258' title='bbox 1027 4027 1094 4080; x_wconf 89' lang='lat' dir='ltr'><strong>et</strong></span> <span class='ocrx_word' id='word_1_259' title='bbox 1110 4011 1201 4080; x_wconf 92' lang='lat' dir='ltr'><strong>illi</strong></span> <span class='ocrx_word' id='word_1_260' title='bbox 1225 4012 1651 4081; x_wconf 88' lang='lat' dir='ltr'><strong>concedimus</strong></span> <span class='ocrx_word' id='word_1_261' title='bbox 1670 4014 2127 4100; x_wconf 79' lang='lat' dir='ltr'><strong>etiam,&#39;vacua</strong></span> <span class='ocrx_word' id='word_1_262' title='bbox 2150 4013 2351 4107; x_wconf 86' lang='lat' dir='ltr'><strong>hujus</strong></span> 
     </span>
    </p>
   </div>
   <div class='ocr_carea' id='block_1_6' title="bbox 215 4114 2347 4214">
    <p class='ocr_par' dir='ltr' id='par_1_8' title="bbox 215 4114 2347 4214">
     <span class='ocr_line' id='line_1_34' title="bbox 215 4114 2347 4214; baseline 0.002 -31"><span class='ocrx_word' id='word_1_263' title='bbox 215 4114 398 4185; x_wconf 89' lang='lat' dir='ltr'><strong>modi</strong></span> <span class='ocrx_word' id='word_1_264' title='bbox 436 4115 579 4187; x_wconf 82' lang='lat' dir='ltr'><strong>loca</strong></span> <span class='ocrx_word' id='word_1_265' title='bbox 611 4119 1034 4187; x_wconf 87' lang='lat' dir='ltr'><strong>munimentis</strong></span> <span class='ocrx_word' id='word_1_266' title='bbox 1065 4119 1503 4207; x_wconf 84' lang='lat' dir='ltr'><strong>circumdata,</strong></span> <span class='ocrx_word' id='word_1_267' title='bbox 1535 4118 1779 4214; x_wconf 88' lang='lat' dir='ltr'><strong>oppida</strong></span> <span class='ocrx_word' id='word_1_268' title='bbox 1806 4118 2140 4213; x_wconf 87' lang='lat' dir='ltr'><strong>perhiberi</strong></span> <span class='ocrx_word' id='word_1_269' title='bbox 2168 4117 2347 4213; x_wconf 78' lang='lat' dir='ltr'><strong>apud</strong></span> 
     </span>
    </p>
   </div>
  </div>
 </body>
</html>
