3017 5042
892 389 1759 464 GEOGRAPHIGUS.
2241 408 2387 502 273

250 517 571 586 Basileam
622 516 803 613 sylva
864 523 1059 590 Hart
1105 522 1301 600 hodie
1348 529 1676 620 reperitur
1691 583 1710 617 ‚
1772 531 1846 598 la
1893 529 2108 603 Fore⁴t
2148 541 2384 635 Noire.

130 683 133 686 ,
246 629 515 720 Spener
537 627 1061 698 Not..Get·man.
1082 631 1251 698 Ant.
1274 628 1382 700 lib.
1413 657 1509 720 IV,
1539 661 1596 703 c.
1623 659 1684 722 1,
1703 659 1851 730 pag.
1893 635 2060 729 154,
2080 669 2192 713 eos
2217 649 2389 717 inter

247 734 657 801 Istaevonum
678 748 905 826 gentes
924 750 1260 824 numerat,
1276 762 1421 831 quae
1450 740 1637 810 sedes
1655 741 1992 813 habebant
2020 750 2112 818 cis
2131 766 2199 819 et
2216 752 2389 824 ultra

246 837 601 926 Rhenum,
641 855 709 907 et
750 839 1041 934 appellat
1083 844 1301 911 statim
1355 861 1508 939 post
1552 849 2085 924 Marcomannos.
2140 859 2388 929 Nos'in

244 968 493 1040 mappa
532 932 779 1045 nostra,
802 944 1161 1016 Cellarium
1206 954 1414 1020 secuti
1456 979 1686 1023 sumus
1710 1008 1729 1044 ,
1765 971 1831 1024 et
1871 983 1984 1062 eos
2024 959 2388 1036 locavimus

243 1049 360 1117 ubi
397 1077 579 1121 nunc
622 1067 778 1120 sunt
814 1053 1013 1122 urbes
1060 1057 1399 1142 Rothwez-’l
1438 1073 1504 1126 et
1545 1065 1618 1130 F
1611 1064 2029 1161 arstemberg
2037 1123 2060 1156 ,
2105 1071 2286 1140 dans
2326 1076 2390 1143 le

240 1159 467 1226 eerck
492 1157 579 1226 de
614 1158 847 1228 Saabe
882 1185 969 1228 en
1010 1163 1087 1230 A
1089 1163 1447 1257 llemagne.

352 1267 729 1333 HELVETIA
782 1258 914 1354 (B.
957 1269 1043 1335 G.
1095 1268 1135 1336 l.
1187 1292 1250 1357 1,
1294 1295 1349 1338 c.
1406 1296 1492 1340 12
1540 1266 1586 1360 ).
1635 1277 1819 1344 Inter
1868 1277 1998 1364 46⁰
2045 1281 2088 1366 ξ
2136 1299 2203 1352 et
2259 1294 2387 1389 [¹7⁰

239 1368 406 1437 latit.
452 1367 529 1438 3⁰
558 1368 602 1452 ὲ
630 1385 703 1438 et
738 1370 810 1466 7⁰
847 1370 1021 1466 long.
1056 1376 1217 1443 Pars
1254 1377 1591 1449 orientalis
1637 1381 1939 1474 Celticae,
1974 1399 2384 1485 temporibus

239 1478 318 1544 C.
355 1475 513 1544 Julii
543 1468 853 1565 Caesaris,
884 1480 1201 1548 terminos
1230 1480 1483 1552 habens
1518 1485 1972 1582 ad-septemtr.
2008 1497 2386 1594 Rauracos,

236 1581 567 1678 Tulingos
600 1599 666 1652 et
697 1583 1134 1679 Latobrigos3
1178 1587 1263 1654 ad
1300 1591 1661 1677 orientem,
1702 1596 2094 1688 Sarunetes3
2129 1607 2213 1674 ad
2250 1639 2384 1682 me-

236 1689 509 1776 ridiem,
540 1693 936 1784 LepontiOS‚
965 1691 1269 1762 Sedunos
1302 1710 1369 1763 et
1402 1697 1768 1770 Nantuates
1796 1729 1814 1785 ς
1857 1703 1942 1771 ἃᾶ
1973 1711 2382 1788 occidentem

236 1820 445 1884 vem,
480 1811 774 1866 montem
810 1801 848 1865 J
853 1822 1077 1886 uram,
1114 1801 1226 1892 qui
1261 1825 1405 1868 eam
1441 1827 1480 1869 a
1510 1805 1834 1898 Sequanis
1865 1810 2226 1910 distinguit.
2269 1829 2386 1895 His

235 1903 655 1997 temporibus
682 1906 1024 1998 angustior
1054 1920 1197 1973 erat
1222 1931 1423 2000 quam
1444 1926 1674 2008 postea
1693 1913 1818 1983 fuit
1841 1917 2142 1991 Helvetia
2171 1941 2381 2018 terra3

228 2033 433 2092 nam,
465 2011 587 2078 etsi
613 2009 801 2078 aliter
829 2011 1282 2084 eruditissimis
1314 2009 1710 2111 geographis
1739 2020 2030 2114 placeat,
2063 2031 2381 2125 Rauraci,

232 2113 505 2210 Tulingi
540 2131 609 2184 et
644 2117 987 2212 Latobrigi
1024 2144 1160 2187 non
1203 2122 1457 2215 origine
1492 2123 1669 2194 Galli
1711 2145 1933 2220 erant,
1959 2134 2073 2202 sed
2111 2141 2380 2230 Germa.

230 2223 339 2309 ni,
376 2237 443 2290 et
470 2238 659 2290 extra
686 2223 1057 2293 Helvetiam
1086 2228 1193 2294 siti
1226 2253 1241 2294 ε
1281 2251 1687 2323 quamquam
1721 2238 1894 2304 enim
1928 2243 2172 2334 Caesar,
2197 2252 2377 2343 ejus-

159 2393 163 2398 .
232 2328 391 2395 dem
428 2326 576 2397 libri
610 2333 826 2425 capite
865 2331 936 2416 5,
963 2357 1269 2427 expresse
1307 2334 1520 2421 dicat,
1548 2343 1980 2414 Persuadent
2007 2341 2379 2450 (Helvetii)

228 2439 606 2522 Rauracis,
639 2452 712 2504 et
743 2438 1069 2532 Talingzs,
1101 2455 1173 2506 et
1200 2441 1947 2536 Latobrzgzsfitzz'tz'mzs.
1967 2506 1980 2519 .
1995 2508 2008 2520 .
2049 2481 2192 2528 lma
2222 2490 2373 2536 eum
2451 2520 2455 2525 -

229 2548 332 2612 ecs
348 2546 897 2638 proficzscantur
914 2572 939 2630 ,·
974 2570 1049 2612 ea
1080 2549 1551 2641 voxfim'a‘mls
1589 2554 1744 2621 satis
1772 2556 2021 2627 indicat
2059 2562 2370 2666 alios'po-

224 2648 430 2743 1pulos
470 2675 547 2718 ac
576 2649 916 2719 diversos:
957 2650 1349 2722 Ptolemaeus
1390 2656 1656 2724 eosdem
1695 2660 1780 2727 ab
1820 2662 2371 2772 Helvetiis-sepa-

226 2772 357 2824 rat.
400 2758 617 2851 Regio
651 2772 873 2826 autem
902 2760 970 2826 in
1008 2774 1298 2852 quatuor
1328 2785 1536 2855 pagos
1563 2755 1862 2855 (Strabo,
1895 2769 1932 2837 l.
1966 2796 2064 2861 lv,
2092 2801 2154 2870 p.
2201 2785 2371 2877 193,

229 2866 322 2932 ait
356 2869 429 2932 in
462 2879 599 2932 tres
636 2855 924 2958 gentes)
975 2880 1117 2933 erat
1162 2867 1400 2955 divisa,
1438 2893 1722 2961 quorum
1767 2873 1900 2944 duo
1943 2892 2202 2954 tantum
2249 2908 2382 2960 noi

228 2984 547 3057 scantur,
582 2971 719 3040 soil.
754 2975 1115 3065 Tlssgurinus
1148 2986 1215 3040 et
1246 2975 1321 3042 A
1324 2981 1636 3058 venacus.
1666 2981 1771 3048 De
1811 2983 2151 3080 Urbigetzo
2189 3001 2364 3070 enim

224 3101 406 3171 pago
435 3078 833 3172 ambigitur:
866 3077 1017 3144 vide
1044 3092 1271 3146 notam
1298 3081 1383 3148 ad
1410 3108 1554 3177 cap.
1592 3109 1714 3180 27,
1743 3085 1876 3176 l.'1,
1905 3090 1989 3160 de
2011 3097 2081 3165 Β.
2119 3102 2200 3169 G.
2233 3109 2362 3178 vol,

224 3209 285 3271 ι,
323 3210 389 3278 p.
412 3181 558 3269 ,34
594 3184 797 3273 Quod
838 3199 1057 3252 autem
1098 3186 1337 3255 Strabo
1371 3189 1463 3256 ait
1503 3188 1629 3258 loc.
1670 3194 1777 3261 cit.
1824 3196 1892 3263 in
1935 3213 2068 3272 tres
2103 3220 2362 3283 tantum

214 3265 460 3386 gentes
497 3291 780 3359 divisam
816 3290 1013 3359 fuisse
1049 3291 1455 3382 H-elvetiam,
1487 3320 1773 3389 quarum
1811 3301 1956 3374 duae
1993 3308 2062 3376 in
2099 3320 2362 3411 expedi·

217 3398 519 3468 tionibus
552 3396 803 3467 bellicis
841 3397 1257 3484 occiderant,
1296 3401 1558 3470 tertiam
1604 3429 1767 3494 vero
1803 3409 2011 3480 solam
2041 3443 2193 3488 cum
2230 3428 2362 3496 Cae-

210 3529 373 3574 sare
416 3504 820 3591 conflixisse,
868 3503 935 3572 id
977 3520 1207 3573 nostro
1250 3509 1455 3574 textui
1494 3529 1840 3604 repugnat.
1881 3519 1986 3586 De
2026 3523 2362 3602 fertilitate

213 3610 346 3680 soli
379 3635 596 3704 pauca
622 3626 776 3679 sunt
800 3610 1115 3680 dicenda:
1140 3611 1479 3682 Helvetios
1509 3616 1686 3684 idem
1715 3621 1954 3690 Strabo
1981 3627 2216 3701 divites
2243 3661 2358 3706 au·

214 3743 297 3785 ro
330 3717 493 3785 facit
513 3771 531 3805 ,
562 3732 630 3785 et
664 3716 1085 3785 multitudine
1122 3718 1538 3808 innunierOS‚
1569 3739 1845 3819 propter
1885 3729 2356 3814 fecunditatem

215 3821 578 3894 mulierum
598 3850 621 3911 .;
660 3823 727 3892 id
763 3823 961 3892 fuisse
991 3848 1223 3890 verum
1261 3823 1415 3892 olim
1450 3851 1586 3894 non
1617 3831 1960 3901 abnuerim
1983 3891 2002 3924 ‚
2038 3842 2153 3908 sed
2188 3860 2356 3920 tem·
2423 3887 2430 3892 ·

215 3929 500 4026 poribus
522 3931 795 3999 Caesaris
822 3931 1160 3999 deminuta
1183 3929 1542 4000 admodum
1570 3951 1713 4003 erat
1738 3937 2067 4031 Helvetia,
2095 3963 2161 4019 et
2187 3954 2354 4028 adeo

214 4061 482 4131 pauper
514 4091 533 4124 ‚
578 4051 651 4105 ut
695 4037 997 4130 reliquias
1044 4037 1256 4130 gentis
1302 4035 1474 4106 alere
1521 4065 1656 4108 non
1701 4049 2004 4135 potuerit.
2054 4056 2160 4124 De
2205 4088 2354 4134 mo-

326 4175 459 4238 IV.
1234 4221 1254 4232 =
1901 4183 1987 4252 18
