3017 5042
740 411 961 482 (VEL
1014 408 1965 482 DISSERTATIONES.
2231 437 2364 486 ιιι

280 546 521 618 Decima
560 542 733 640 legio
777 543 1054 614 Caesaris
1105 542 1413 612 dextrum
1454 567 1669 612 cornu
1715 545 1984 614 tenebat
1997 598 2018 632 ‚
2062 571 2211 641 quae
2255 552 2376 618 etsi

274 677 521 726 numero
565 652 987 737 tenuissima,
1026 664 1250 720 tamen
1292 664 1568 744 propter
1605 650 1920 718 virtutem
1962 652 2378 725 adversarios

272 761 345 828 ita
373 759 599 854 pressit
617 811 638 845 ‚
664 772 741 826 ut
780 758 824 824 ii
848 756 935 826 ad
960 755 1327 826 subsidium
1352 758 1454 824 sui
1486 780 1690 824 unam
1721 755 2048 851 legionem
2077 783 2116 826 a
2140 760 2377 832 dextro

271 890 453 936 cornu
493 864 877 934 distractam
904 861 1246 932 transduci
1270 861 1356 932 ad
1380 864 1720 932 sinistrum
1755 855 1930 951 (non
1959 863 2045 932 ad
2069 864 2376 935 dextrum

270 986 332 1040 ut
364 970 525 1040 male
577 971 796 1040 innuit
830 960 1111 1057 auctor)
1162 971 1377 1038 coacti
1421 969 1669 1039 fuerint
1720 995 1735 1037 ε
1777 995 1924 1063 quae
1969 995 2074 1040 res
2117 973 2379 1042 videtur

271 1077 577 1147 fortunam
633 1075 792 1145 belli
854 1077 1057 1146 totius
1116 1074 1204 1144 ad
1250 1077 1666 1144 Caesarianos
1715 1077 2164 1162 transtulisse3
2223 1103 2379 1149 nam

271 1187 567 1279 equitatus
596 1183 877 1254 Caesaris
896 1235 915 1268 ,
957 1196 1122 1270 etc„
1152 1196 1276 1250 etc.
1324 1182 1584 1251 Caetera
1617 1197 1768 1276 pete
1795 1207 1878 1252 ex
1904 1184 2048 1278 ipso
2086 1199 2376 1254 auctore.

358 1291 883 1385 Descriptionem
935 1290 1332 1382 promissam
1370 1313 1614 1382 pugnae
1663 1288 2054 1360 Mundensis
2075 1343 2094 1378 ,
2133 1307 2202 1360 et
2243 1292 2382 1362 fere
2425 1324 2430 1330 ·

273 1398 446 1466 totius
472 1395 625 1466 belli
650 1395 1105 1490 Hispaniensis
1141 1394 1441 1464 dedimus
1457 1448 1477 1482 ‚
1502 1420 1640 1463 non
1676 1394 1889 1464 solum
1927 1421 2010 1465 ex
2041 1400 2214 1468 notis
2243 1423 2385 1468 eru·

229 1501 372 1596 „diti
410 1505 665 1598 Turpia
686 1502 774 1572 de
806 1493 1028 1574 Crisse'
1060 1502 1175 1595 qui
1212 1525 1427 1596 pauca
1464 1514 1688 1570 tamen
1723 1501 1806 1570 de
1845 1504 2260 1598 expeditione
2297 1506 2384 1575 ab

270 1610 541 1704 ingressu
580 1611 860 1679 Caesaris
890 1611 967 1677 in.
992 1609 1383 1703 Hispaniam
1416 1604 1674 1695 attulit,
1702 1608 1816 1676 sed
1854 1635 1934 1678 ex
1959 1613 2201 1680 nostris
2235 1639 2386 1683 con-

164 1773 171 1782 .
265 1715 508 1808 jecturis
551 1730 622 1784 et
672 1714 933 1784 relectis
976 1739 1055 1783 ac
1094 1715 1437 1810 perpensis
1480 1727 1714 1808 terque
1755 1729 2121 1810 quaterque
2171 1722 2384 1788 omni·

270 1823 379 1890 hus
408 1822 733 1918 capitibus
764 1847 778 1890 :
818 1846 941 1890 nec
972 1835 1197 1890 tamen
1241 1845 1363 1898 nos
1395 1845 1474 1888 ea
1517 1834 1700 1888 tenet
1733 1820 1976 1890 fiducia
1995 1875 2013 1909 ‚
2050 1838 2126 1892 ut
2165 1839 2382 1894 totum

259 1928 429 1998 hunc
469 1927 714 2003 librum
756 1929 1019 2023 penitus
1042 1951 1083 1996 a
1113 1927 1305 1998 nobis
1340 1926 1762 1998 enucleatum
1798 1927 2181 2013 credamus3
2222 1930 2386 2000 illud

269 2048 493 2124 totum,
533 2033 1017 2130 qualecumque
1061 2036 1183 2122 sit,
1229 2032 1462 2103 lectori
1504 2033 1773 2122 damus,
1819 2048 1886 2102 et
1933 2034 2020 2102 ad
2063 2037 2387 2130 majorem

269 2141 746 2238 intelligentiam
785 2143 911 2209 tria
938 2139 1223 2236 capital.
1261 2141 1498 2210 XLIII
1536 2141 1773 2210 Dionis
1816 2142 2062 2230 Cassii,
2089 2158 2165 2212 ut
2185 2143 2391 2214 exsol-

270 2269 483 2318 vamus
518 2249 723 2318 fidem
747 2303 767 2337 ‚
811 2247 1295 2344 subjungimus

368 2385 401 2420 »
420 2357 698 2424 Interim
733 2359 957 2425 Caesar
1000 2381 1155 2425 cum
1192 2357 1425 2451 paucis
1461 2357 1850 2451 Hispaniam
1887 2358 2132 2452 attigit,
2152 2373 2392 2453 praeter

268 2466 810 2557 exspectationem
858 2488 996 2531 non
1047 2464 1609 2557 Pompeianorum
1654 2463 1856 2532 'modo
1886 2517 1906 2550 ‚
1947 2464 2061 2532 sed
2117 2489 2391 2534 suorum

264 2593 513 2664 quoque
542 2569 850 2638 militum.
886 2571 1101 2637 Tanta
1142 2570 1320 2637 enim
1357 2570 1608 2637 itineris
1641 2595 1800 2638 usus
1837 2584 1980 2646 erat
2020 2568 2354 2640 celeritate
2371 2627 2392 2660 ‚

266 2689 333 2744 ut
363 2672 717 2770 antequam
760 2675 1102 2744 audiretur
1128 2676 1345 2768 ipsum
1381 2675 1450 2742 in
1490 2676 1884 2768 Hispaniam
1927 2674 2311 2765 advenisse,
2353 2704 2395 2746 a

266 2783 425 2871 suis,
460 2782 937 2876 hostibusque,
978 2781 1072 2848 ibi
1106 2781 1622 2874 conspiceretun
1660 2780 1948 2849 Proinde
1991 2773 2391 2869 (maximam

266 2891 429 2962 enim
463 2889 751 2960 militum
788 2903 1046 2984 partem
1076 2889 1147 2955 in
1177 2887 1422 2981 {tinere
1463 2899 1618 2981 post
1659 2911 1728 2955 se
1756 2879 2153 2980 reliquerat)
2179 2899 2394 2982 spera-

265 2992 370 3064 bat
397 3020 465 3064 se
488 3019 567 3064 ea
604 2996 940 3065 celeritate
958 3048 978 3082 ‚
1016 2993 1290 3088 soloque
1308 3017 1431 3062 suo
1467 2993 1760 3065 adventu
1783 3006 2044 3062 tantum
2072 2995 2393 3090 Pompeio

266 3114 578 3171 terrorem
616 3102 1015 3195 injecturum
1034 3153 1053 3188 ‚
1088 3115 1165 3169 ut
1202 3114 1270 3169 et
1303 3099 1388 3169 ab
1418 3100 1604 3168 urhis
1636 3099 1980 3178 obsidione
2017 3100 2395 3193 desisteret,

266 3221 326 3276 et
359 3209 439 3278 de
466 3223 611 3278 tota
647 3233 721 3276 re
757 3207 1137 3303 trepidaret.
1175 3209 1534 3301 Pompeius
1560 3231 1757 3294 vero,
1784 3208 2004 3275 virum
2025 3209 2171 3277 viro
2196 3207 2394 3305 longe

264 3317 779 3408 praestantiorem
836 3339 976 3384 esse
1033 3314 1411 3384 existimans
1440 3367 1461 3401 ‚
1515 3314 1855 3406 fretusque
1905 3314 2038 3382 suis
2089 3316 2342 3386 viribus
2375 3373 2395 3407 ‚

268 3421 419 3491 nihil
469 3423 612 3516 ejus
655 3420 949 3490 adventu
994 3435 1454 3492 consternatus
1473 3473 1493 3506 ‚
1543 3421 1612 3488 in
1664 3421 2162 3514 oppugnatione
2211 3423 2394 3494 urhis

264 3525 436 3598 haud
472 3553 664 3597 secus
684 3581 703 3616 ,
740 3553 941 3622 quam
976 3542 1130 3596 ante
1155 3581 1175 3615 ‚
1202 3527 1540 3622 pergebat.
1577 3527 1799 3595 Caesar
1823 3528 2052 3620 paucis
2083 3527 2176 3595 ibi
2213 3525 2392 3598 loco-

267 3656 405 3702 rum
438 3634 791 3722 militibus,
828 3635 942 3728 qui
968 3649 1242 3704 caeteros
1275 3647 1766 3728 praevenerant,
1805 3633 2081 3721 relictis,
2107 3633 2190 3700 ad
2225 3637 2390 3704 Cor-

266 3731 504 3810 dubam
545 3766 615 3810 se
660 3742 1025 3826 convertit,
1064 3764 1219 3809 cum
1262 3765 1381 3834 spe
1428 3740 1570 3834 ejus
1608 3764 1729 3833 per
1776 3740 2222 3834 proditionem
2261 3767 2394 3835 po-

267 3847 535 3935 tiundae,
566 3862 706 3920 tum
729 3872 891 3916 vero
923 3849 992 3914 in
1022 3847 1251 3941 primis
1271 3899 1291 3934 ‚
1322 3860 1399 3914 ut
1426 3847 1552 3915 sibi
1571 3860 1974 3934 metuentem
1999 3847 2390 3940 Pompeium

266 3952 343 4024 ab
368 3953 525 4023 Ulla
549 3968 880 4024 averteret
908 3952 1423 4047 :responditque
1448 3953 1606 4021 huic
1633 3951 1907 4022 consilio
1941 3967 2249 4042 eventus3
2272 3957 2392 4026 ini·

264 4059 350 4126 tio
371 4062 547 4129 enim
594 4062 841 4130 Cneius
885 4056 1115 4130 relicta
1149 4059 1237 4128 ad
1267 4057 1491 4128 Ullam
1533 4072 1722 4152 parte
1754 4059 2117 4148 exercituS,
2144 4062 2397 4133 Cordu-
