3017 5042
698 450 837 516 DE
906 449 981 515 c,
1047 449 1369 516 JULIO
1438 449 1895 518 cAEsARE.
2237 403 2380 549 139

266 588 603 683 Lupicinus
660 585 809 682 legi.
878 616 913 651 >2
973 586 1435 680 observatque
1490 588 1892 680 Lupicinum
1953 589 2135 659 hunc
2185 591 2390 662 fuisse

263 696 593 789 Euprepiae
627 694 871 762 sororis
906 692 1194 760 Ennodii
1230 694 1548 788 Episcopi
1572 695 1931 762 Ticinensis
1970 694 2218 784 filium,
2255 697 2386 766 cla-

260 825 394 868 rum
435 800 555 868 sub
596 801 784 867 initia
827 800 993 867 sexti
1036 822 1075 865 a
1114 799 1240 866 Ch.
1277 812 1433 866 nato
1480 797 1716 868 saeculi.
1757 802 1900 870 Nec
1943 803 2230 871 Joannes
2261 806 2384 872 Sa-

259 890 717 990 resberiensisffi
745 929 868 973 nec
904 902 1253 973 Polidorus
1268 903 1620 998 Virgilius,
1649 929 1774 974 nec
1797 907 2091 1000 Lipsius,
2110 909 2388 978 Caesaris

256 1012 749 1081 commentarios
790 1009 967 1078 Julio
1006 1009 1202 1080 Celso
1244 1010 1690 1078 attribuerunt
1733 1025 2050 1105 tanquam
2093 1017 2387 1103 auctori,

249 1133 325 1186 ut
355 1117 667 1186 traditur
648 1141 714 1184 m
734 1116 1152 1211 Menagianis
1189 1129 1235 1183 t.
1260 1117 1365 1202 ΙΙ,
1402 1142 1467 1210 p.
1501 1139 1624 1211 99.
1658 1118 1920 1188 Priores
1939 1118 2074 1188 duo
2093 1143 2178 1187 ne
2209 1118 2385 1190 Celsi

253 1223 495 1316 quidem
529 1223 936 1291 mentionem
968 1222 1303 1308 fecerunt,
1334 1225 1598 1317 Lipsius
1625 1221 1857 1291 saltem
1884 1225 1989 1311 II,
2024 1249 2062 1320 7
2093 1223 2382 1294 Elector.

238 1342 509 1402 ,testatus
554 1341 688 1416 est,
742 1352 811 1396 se
860 1329 928 1395 in
982 1330 1476 1397 commentariis
1535 1331 1814 1398 Caesaris
1864 1353 2038 1424 saepe
2091 1355 2385 1424 quaerere

252 1436 597 1522 Caesarem,
632 1449 699 1502 et
730 1432 976 1502 multos
1010 1435 1081 1501 in
1117 1432 1293 1501 illam
1334 1458 1702 1528 purpuram
1738 1427 1996 1530 pannos
2026 1437 2278 1507 insutos
2308 1463 2379 1506 se

248 1541 486 1628 videre,
530 1565 655 1610 nec
704 1542 775 1608 in
816 1538 1103 1609 dictione
1150 1541 1295 1634 ipsa
1338 1541 1587 1634 spirare
1635 1541 1882 1635 ubique
1927 1543 2198 1612 naribus
2244 1545 2378 1614 'suis

248 1669 457 1752 auram
488 1645 704 1732 illam,
739 1661 845 1732 et,
888 1661 961 1714 ut
996 1647 1088 1714 sic
1124 1645 1376 1732 dicam,
1410 1660 1689 1715 stactam
1722 1671 1906 1740 purae
1951 1650 2374 1742 antiquitatis.

253 1781 285 1816 α
327 1755 533 1848 Lege,
583 1751 844 1847 relege,
903 1748 1109 1820 multa
1151 1754 1364 1820 otiosa
1408 1754 1734 1871 reperieS,
1779 1753 2143 1846 disjuncta,
2188 1757 2378 1824 intri-

244 1873 412 1949 cata,
459 1856 899 1980 interpolata,
943 1859 1222 1951 repetita
1269 1883 1284 1925 :
1328 1871 1405 1926 ut
1448 1859 1724 1927 omnino
1773 1884 1912 1927 non
1956 1859 2164 1949 absit,
2212 1863 2376 1955 quin

236 1965 318 2034 ad
358 1965 529 2034 hanc
567 1966 769 2059 prisci
805 1965 1023 2057 operis
1062 1978 1345 2033 statuam
1383 1962 1648 2034 novella
1685 1962 1904 2058 aliqua
1939 1969 2290 2035 accesserit
2311 1981 2379 2035 et

193 2061 207 2076 ’
240 2071 531 2166 imperita
566 2095 823 2140 manus.
874 2099 911 2134 κ
952 2071 1238 2139 Tantum
1276 2085 1499 2140 autem
1543 2070 1764 2159 abest,
1799 2086 1877 2139 ut
1911 2071 2086 2140 idem
2111 2073 2376 2166 Lipsius

238 2176 491 2247 Celsum
532 2179 849 2247 habuerit
883 2203 1009 2272 pro
1052 2191 1326 2249 auctore
1369 2179 1648 2248 Caesaris
1689 2180 2324 2250 commentariorum
2358 2233 2377 2264 ,

236 2285 397 2376 quod
422 2283 515 2354 illi
545 2285 744 2372 etiam
780 2284 1095 2353 tribuitur
1127 2285 1199 2353 in
1230 2283 1692 2380 Scaligerianis
1716 2276 1840 2379 per
1873 2288 2211 2356 Vassanos
2246 2285 2374 2355 col·

238 2385 435 2479 lectis,
474 2405 554 2460 ut
588 2391 810 2485 potius
843 2389 952 2458 lib.
986 2392 1057 2458 ΙΙ
1099 2390 1514 2484 Epistolicar.
1559 2393 1998 2486 quaestionum
2017 2445 2035 2478 ,
2084 2417 2228 2486 cap.
2280 2419 2320 2461 2
2352 2443 2373 2476 ,

234 2497 466 2567 refutet
521 2497 691 2568 Lud.
744 2498 1138 2566 Cari-ionem
1190 2499 1283 2564 ita
1332 2499 1726 2566 sentientem
1779 2523 1795 2566 ε
1843 2496 1999 2568 licet
2041 2513 2302 2567 constet
2335 2523 2376 2566 a

230 2601 578 2673 Vincentio
614 2601 859 2672 Bellov.
894 2604 964 2670 in
998 2600 1269 2696 speculo
1300 2602 1618 2672 historial.
1650 2628 1774 2672 nec
1811 2628 1950 2671 non
1982 2629 2021 2671 a
2047 2603 2368 2672 Gualtero

230 2708 475 2779 Burlaeo
507 2711 577 2777 in
610 2711 759 2778 vitis
799 2707 1351 2803 philosophorum
1369 2761 1388 2793 ‚
1424 2708 1678 2776 Jacobo
1716 2711 1971 2801 Magno
2003 2710 2071 2775 in
2107 2709 2366 2803 Sopho-

230 2809 423 2910 logio,
448 2829 521 2884 et
538 2815 810 2884 Alberto
832 2813 1047 2909 Eybio
1066 2816 1441 2908 margaritae
1461 2815 1738 2908 poeticae
1761 2805 2034 2882 auctore
2050 2865 2068 2900 ‚
2091 2816 2372 2883 Caesaris

229 2922 499 2990 subinde
538 2921 745 2990 verba
781 2919 961 2990 Celsi
1000 2921 1271 2989 nomine
1313 2920 1519 2988 citari.
1577 2947 1614 2983 «
1661 2920 1846 3008 Quin
1887 2918 2101 2987 Julius
2136 2919 2370 3012 aliquis

230 3026 450 3099 Celsus
464 3051 705 3096 manus
728 3025 1021 3096 attulerit
1038 3028 1317 3114 Caesari,
1339 3027 1640 3121 quaedam
1657 3024 1966 3096 reciderit
1978 3079 1998 3112 ,
2022 3025 2370 3113 addiderit,

228 3134 521 3226 quaedam
549 3130 961 3227 interpolarit
977 3182 995 3215 ,
1034 3155 1376 3226 nunquam
1410 3131 1723 3202 infitebor
1756 3157 1770 3199 :
1813 3145 1892 3200 ut
1923 3133 2252 3202 Caesarem
2278 3147 2370 3201 to-

227 3251 355 3308 tum
400 3242 774 3309 immutarit
817 3239 910 3308 sic
957 3240 1144 3332 quasi
1195 3239 1492 3308 Justinus
1545 3241 1880 3333 Trogum,
1929 3239 2232 3333 ignosce,
2283 3263 2370 3306 ne

225 3357 326 3415 tua
368 3345 641 3440 quidem
676 3368 875 3415 causa
904 3368 1180 3440 possum
1222 3343 1512 3413 credere.
1559 3345 1666 3413 De
1720 3342 1889 3438 stylo
1927 3343 2106 3437 quod
2144 3345 2238 3413 ais
2256 3398 2277 3431 ,
2313 3345 2368 3412 si

227 3473 451 3522 verum
486 3453 875 3546 quaerimuS,
915 3451 989 3519 hi
1034 3451 1117 3519 de
1152 3449 1327 3520 bello
1358 3448 1618 3520 Gallico
1659 3448 2041 3543 discrepant
2081 3448 2368 3543 aliquan-

224 3569 357 3627 tum
396 3558 486 3626 ab
524 3555 654 3625 illis
690 3557 773 3625 de
816 3555 1042 3641 Civili,
1080 3555 1197 3624 filo
1226 3557 1544 3626 orationis
1560 3608 1580 3643 ,
1609 3570 1678 3624 et
1717 3555 1863 3624 fieri
1887 3569 2137 3649 potest,
2170 3569 2245 3623 ut
2275 3557 2366 3622 in-

224 3662 531 3758 terpolati
567 3665 731 3750 sint,
783 3677 857 3732 ut
891 3661 1025 3731 dixi
1063 3687 1078 3730 ε
1112 3687 1250 3731 non
1289 3677 1517 3731 tamen
1559 3663 1687 3750 ita,
1719 3675 1799 3729 ut
1839 3659 2196 3755 similitudo
2233 3662 2365 3729 oris

222 3792 492 3862 prorsus
522 3771 904 3856 evanuerit,
945 3782 1014 3837 et
1052 3770 1356 3862 quamvis
1394 3768 1638 3862 gemini
1671 3766 1836 3854 sint,
1873 3767 2116 3835 fratres
2139 3780 2364 3834 tamen

219 3897 352 3945 esse
382 3899 471 3944 ex
503 3876 647 3969 ipsa
674 3876 928 3945 ratione
958 3872 1287 3943 scribendi
1326 3896 1665 3968 agnoscas.
1713 3902 1748 3938 >2
1791 3875 1950 3941 Haec
1987 3871 2071 3940 ad
2107 3873 2369 3940 Carrio-

289 4084 341 4140 5.
381 4081 689 4140 nez-nardus
728 4084 947 4140 Moneta
988 4084 1129 4138 notis
1168 4081 1239 4136 ad
1272 4083 1586 4153 Menagiana
1612 4093 1655 4134 t.
1679 4083 1870 4150 1V‚p.
1893 4081 1980 4132 80.
