3017 5042
586 466 738 558 294
1073 411 1086 421 ”
1470 460 1821 529 INDEX

687 596 1067 666 LEMoNUM
1098 587 1208 684 (B.
1239 597 1324 663 G.
1357 592 1466 660 lib.
1500 611 1671 679 vm,
1699 613 1843 686 cap.
1886 589 1982 659 26
2002 582 2048 678 ).
2082 589 2223 675 46⁰
2259 588 2299 673 ξ
2332 589 2441 660 lat.
2474 596 2561 660 2⁰
2590 621 2733 664 occ.

581 701 756 798 long.
787 701 1146 772 Ptolemaeo
1173 700 1486 794 Λίμωνον,
1508 701 1579 767 in
1610 700 1883 792 regione
1908 699 2283 767 Pictonum.
2308 700 2564 768 Omnes
2598 701 2741 769 fere

579 810 946 905 geographi
982 811 1360 878 Lemonum
1397 806 1748 900 adsignant
1780 805 2018 874 urbem
2065 807 2471 899 praecipuam
2509 809 2738 877 Picta-

577 919 712 1005 vis,
741 931 810 985 et
837 916 1142 985 eamdem
1177 940 1320 984 esse
1354 913 1590 983 dicunt
1618 927 1817 1007 atque
1855 934 1934 981 ea
1966 936 2113 1007 quae
2143 912 2385 982 dicitur
2416 915 2739 983 Poz'tz‘ers.

579 1005 887 1094 Vicissim
931 1023 1440 1118 Augustoritum
1485 1019 1651 1088 dant
1693 1020 2215 1108 Lemovi'cihus3
2254 1017 2533 1088 Ptolem.
2575 1045 2739 1091 con-

580 1145 718 1220 tra,
759 1132 868 1199 cui
907 1127 1233 1198 nonnulla
1271 1140 1497 1196 tamen
1534 1123 1700 1194 fides
1743 1125 2053 1194 habenda
2090 1137 2220 1214 est,
2252 1127 2538 1196 Pictavis
2570 1127 2741 1198 duas

581 1237 781 1305 urbes
828 1235 1138 1306 concedit
1179 1235 1689 1330 Augustoritum
1724 1277 1767 1317 ,·
1791 1247 1995 1328 caput
2038 1233 2249 1328 gentis
2270 1287 2291 1320 ,
2332 1237 2693 1304 Limonum
2710 1289 2735 1323 ‚

581 1344 1052 1412 Lemovicibus
1089 1357 1313 1410 autem
1351 1342 1747 1410 Ratiastum.
1784 1343 1866 1408 In
1892 1341 2124 1408 Itiner.
2158 1354 2382 1409 autem
2412 1342 2739 1410 Antonin.

579 1451 1090 1544 Augustoritum
1127 1463 1229 1518 est
1269 1450 1338 1516 in
1365 1450 1474 1516 via
1512 1471 1659 1542 quae
1695 1447 1878 1516 ducit
1904 1471 1945 1514 a
1976 1446 2332 1542 Burdigala
2364 1447 2449 1516 ad
2480 1447 2741 1542 Argen-

581 1571 927 1649 tomagum
957 1550 1449 1650 (Argenton),
1489 1557 1557 1622 in
1600 1553 1835 1623 eodem
1878 1554 2017 1623 fere
2053 1554 2181 1622 situ
2218 1579 2353 1648 quo
2394 1579 2574 1623 nunc
2615 1559 2742 1624 Lt-

583 1687 851 1760 moga,
885 1676 1193 1758 respectu
1239 1661 1525 1730 duarum
1563 1661 1831 1729 urbium
1869 1660 2317 1755 praefatarum.
2364 1664 2445 1728 In
2481 1661 2743 1731 Tabula

579 1770 1125 1864 peutingeriana,
1162 1768 1262 1858 ad·
1283 1791 1512 1864 parem
1550 1766 1927 1836 distantiam
1968 1783 2068 1836 est
2092 1769 2597 1862 Augustoritum
2638 1795 2742 1836 re-

582 1891 815 1971 spectu
846 1875 1218 1970 Burdigalae
1251 1889 1320 1944 et
1367 1877 1865 1969 Argentomagi.

688 1985 772 2050 In
805 1983 1038 2051 eadem
1075 1980 1366 2070 Tabula,
1390 1983 1794 2066 Lemonum,
1827 2003 2029 2074 quam
2057 1993 2256 2048 vocat
2283 1983 2611 2070 LemunO,
2641 1995 2747 2050 est

505 2181 512 2186 .
583 2109 788 2183 supra
832 2091 1133 2183 Augrc'to
1177 2081 1569 2176 (breviatim
1610 2111 1735 2181 pro
1780 2078 2365 2181 Augustoritum),
2397 2101 2742 2181 septemtr.

583 2217 814 2264 versus
851 2194 938 2262 ad
974 2194 1357 2264 distantiam
1398 2214 1679 2272 xxxvm
1722 2215 1801 2262 Μ.
1840 2217 1899 2261 Ρ.
1938 2207 2007 2261 et
2046 2194 2115 2260 in
2149 2192 2385 2262 eodem
2427 2193 2569 2262 fere
2608 2195 2747 2264 situ

583 2327 716 2395 quo
757 2325 937 2368 nunc
978 2315 1135 2370 sunt
1173 2301 1372 2368 urbes
1410 2304 1729 2395 Lz'moges
1763 2311 1833 2368 et
1867 2303 2167 2368 Poitiers
2194 2325 2214 2388 3
2252 2299 2431 2368 unde
2472 2313 2743 2370 consta-

587 2419 692 2476 ret
706 2405 1140 2476 Ptolemaeum
1167 2431 1421 2475 errasse
1444 2409 1557 2501 qui
1578 2407 2085 2502 Augustoritum
2110 2406 2447 2500 rejecisset
2464 2407 2551 2476 ad
2572 2423 2741 2503 sept.

583 2529 650 2582 et
689 2514 757 2580 in
781 2515 1122 2608 regionem
1153 2515 1545 2598 Pictonumt,
1570 2515 1814 2608 quique
1853 2513 2090 2581 urbem
2128 2513 2488 2582 Limonum
2512 2517 2744 2584 Picto-

584 2621 782 2690 nibus
819 2619 1142 2707 dedisset,
1181 2633 1248 2687 et
1283 2621 1659 2688 Ratiastum
1681 2674 1701 2704 ,
1740 2620 1976 2687 urbem
2015 2621 2440 2689 Pictavorum
2476 2623 2743 2690 mariti-

586 2745 801 2815 mam,
834 2723 1323 2795 Lemovicibus.

691 2832 986 2902 Difficile
1019 2833 1383 2900 admodum
1421 2845 1489 2902 et
1520 2833 1747 2900 forsan
1774 2831 2005 2900 inutile
2034 2831 2207 2901 foret
2224 2857 2368 2902 rem
2390 2834 2743 2920 dirimere3

586 2942 710 3007 nisi
763 2941 939 3008 forte
994 2953 1186 3034 egeat
1222 2939 1691 3008 emendatione
1747 2951 1925 3006 totus
1980 2939 2091 3008 hic
2134 2937 2320 3009 locus
2364 2939 2744 3030 Ptolemaei,

587 3061 1093 3140 transponerem
1155 3047 1529 3115 Ratiastum
1586 3046 1670 3113 ad
1726 3047 2234 3140 Augustoritum
2258 3102 2277 3134 ,
2324 3061 2392 3116 et
2448 3050 2743 3118 vicissim

587 3155 690 3218 Au
789 3153 1095 3220 storitum
1135 3152 1221 3219 ad
1261 3151 1657 3221 Ratiastum.
1702 3150 1993 3220 Videant
2030 3155 2244 3248 periti.

693 3177 1066 3327 gammam.
1109 3256 1448 3328 Ptolemaei
1497 3259 1779 3350 Λίμωνον
1798 3313 1817 3344 ,
1840 3260 2002 3327 urbs
2040 3275 2244 3354 caput
2276 3261 2492 3356 gentis
2522 3263 2743 3331 Picto-

589 3383 784 3451 num,
815 3388 962 3459 quae
989 3379 1220 3460 postea
1252 3389 1499 3434 nomen
1532 3367 1748 3459 gentis
1778 3367 2030 3460 recepit
2060 3367 2374 3436 Poiiziers.
2408 3366 2591 3437 Male
2624 3370 2746 3463 qui

588 3471 818 3566 legunt
836 3476 1294 3558 Lemovicum,
1333 3488 1400 3540 et
1433 3470 1671 3540 volunt
1693 3471 1929 3540 urbem
1952 3497 2099 3542 esse
2132 3497 2281 3567 quae
2308 3488 2543 3569 postea
2564 3475 2745 3544 dicta

585 3589 684 3646 est
723 3582 1251 3675 Augustorz‘mm
1282 3573 1710 3673 (Limogesk
1732 3600 1887 3646 nam
1924 3593 2144 3648 textus
2170 3582 2385 3651 Hirtii
2427 3581 2576 3650 luce
2604 3579 2743 3650 cla-

587 3687 721 3753 rior
755 3701 859 3755 est
885 3713 899 3754 :
931 3689 1286 3755 Limonum
1323 3691 1395 3752 in
1415 3685 1681 3777 finibus
1716 3689 2097 3754 Pictonum.
2144 3689 2471 3757 Praeterea
2502 3691 2743 3756 Itiner.

585 3794 832 3861 Anton.
865 3805 933 3861 et
965 3792 1222 3860 Tabula
1252 3791 1715 3862 Theodosiana
1748 3794 1902 3862 satis
1932 3793 2348 3865 concordant
2373 3797 2441 3862 in
2460 3819 2745 3863 mensu-

589 3901 674 3966 ris
696 3925 714 3983 3
734 3925 816 3967 ea
848 3911 1069 3968 autem
1107 3913 1206 3967 est
1232 3898 1576 3986 distantia,
1606 3925 1644 3967 a
1671 3899 1938 3969 Lutetia
1978 3925 2189 3994 usque
2225 3900 2311 3969 ad
2340 3903 2707 3975 Limonum
2725 3954 2747 3987 ,

589 4005 955 4074 secundum
989 4004 1310 4074 Tabulam
1345 4005 1878 4075 Theodosianam
1905 4033 1919 4075 ε
1946 4031 1983 4074 a
2019 4011 2271 4076 Luteci.
2296 4049 2400 4059 ———-
2434 4007 2741 4080 Cenabo.

587 4150 691 4162 -—-—-
715 4137 933 4181 va-n.
968 4155 1071 4164 --
1089 4113 1577 4183 CaesarodunO.
1593 4156 1695 4164 -——
1721 4138 1805 4181 LI.
1832 4154 1938 4166 --—
1963 4117 2278 4183 Lemuno.
2306 4157 2411 4168 —-—-
2434 4135 2604 4184 xmr.
2628 4153 2747 4166 —-
