3017 5042
631 364 782 439 258
1185 427 1193 434 .
1529 361 1876 430 INDEX

631 514 740 569 rat
782 498 1060 586 Strabo,
1087 496 1130 566 l.
1161 519 1277 584 111,
1310 521 1373 590 p.
1412 493 1604 591 169:
1646 523 1683 560 α
1718 496 2056 564 Caeterum
2100 494 2363 583 Gades,
2417 511 2496 565 ut
2537 497 2797 584 fuerint

631 606 918 677 conditae
937 659 958 694 ,
1013 603 1171 673 talia
1219 601 1529 672 feruntur
1570 627 1586 671 ε
1634 616 2012 670 memorant
2060 601 2377 672 Gaditani
2436 604 2795 675 oraculum

631 715 850 807 Tyriis
902 706 1132 781 datum
1154 765 1174 799 ,
1223 709 1404 803 quod
1465 734 1580 778 eos
1623 708 1891 802 juberet
1942 708 2027 777 ad
2076 707 2421 779 columnas
2477 711 2797 784 Herculis

630 818 964 889 coloniam
1039 818 1372 888 deducere
1423 841 1438 884 τ
1493 817 1728 886 missos
1784 813 1914 885 loci
1964 814 2233 884 videndi
2292 839 2491 886 causa
2509 871 2529 905 ,
2578 843 2796 913 quum

629 926 717 995 ad
741 927 986 996 fretum
1006 924 1185 1020 apud
1211 922 1468 1018 Calpen
1506 923 2001 1018 pervenissent,
2033 924 2341 1018 opinatos
2364 923 2567 993 finem
2593 940 2798 995 terrae

629 1033 944 1103 habitatae
977 1046 1043 1102 et
1069 1029 1414 1102 Herculeae
1437 1030 1871 1125 expeditionis
1901 1055 2042 1098 esse
2060 1085 2079 1118 ,
2124 1054 2237 1118 ea,
2272 1031 2512 1124 quibus
2542 1032 2797 1103 fretum

627 1138 792 1208 illud
829 1138 1190 1227 clauditur,
1221 1152 1518 1208 extrema
1539 1192 1559 1226 ,
1585 1162 1733 1232 quae
1764 1135 2109 1207 oraculum
2152 1136 2519 1207 Columnas
2554 1155 2798 1230 vocat,

628 1245 964 1342 appulisse
1019 1247 1197 1314 intra
1237 1246 1575 1339 angustias
1620 1244 1707 1314 ad
1751 1243 2013 1330 locum,
2047 1243 2163 1311 ubi
2207 1268 2389 1314 nunc
2433 1261 2535 1315 est
2586 1247 2799 1317 Acci-

628 1367 939 1422 tanorum
985 1353 1192 1440 urbs,
1215 1352 1308 1420 ibi
1350 1376 1559 1445 quum
1598 1377 1672 1420 re
1716 1351 1943 1418 divina
1990 1350 2163 1419 facta
2198 1375 2337 1419 non
2369 1352 2799 1446 perlitarent,

628 1459 906 1530 domum
961 1459 1252 1528 rediisse.
1307 1457 1673 1551 Aliquanto
1726 1471 1881 1550 post
1934 1470 2238 1550 tempore
2282 1459 2549 1544 missoS,
2605 1475 2803 1532 extra

628 1565 877 1634 fretum
922 1589 1309 1661 progressos
1353 1563 1440 1631 ad
1473 1588 1607 1633 MD.
1656 1562 1822 1632 stad.
1866 1562 1951 1632 ad
1987 1561 2272 1632 insulam
2315 1566 2575 1636 venisse
2620 1570 2801 1637 Her·

629 1671 764 1741 culi
808 1695 1098 1759 sacram,
1138 1697 1175 1740 e
1224 1673 1498 1766 regione
1550 1669 1813 1739 Onobae
1876 1670 2255 1765 Hispanicae
2315 1671 2499 1741 urbis
2556 1675 2801 1764 sitam,

628 1792 944 1874 ratosque
980 1780 1071 1848 ibi
1116 1803 1257 1848 esse
1295 1777 1693 1865 Columnas,
1733 1776 1859 1846 deo
1904 1776 2349 1863 sacrificasse5
2390 1804 2801 1876 rursumque

630 1886 917 1956 victimis
948 1911 1086 1954 non
1127 1883 1625 1970 addicentibuS,
1667 1883 1943 1952 domum
1990 1907 2060 1951 se
2104 1886 2453 2004 recepisse.
2498 1886 2638 1958 Eos
2683 1891 2801 1982 qui

629 1995 830 2062 tertio
860 1988 1384 2087 navigaverunt,
1415 1989 1641 2061 Gades
1680 1989 2052 2059 condidisse
2072 1990 2422 2086 ,templo
2403 2017 2473 2060 m
2510 1994 2799 2064 occidua

629 2114 822 2194 parte
872 2099 1104 2169 insulae
1148 2097 1497 2169 collocato.
1536 2097 1711 2164 Hinc
1762 2111 2021 2184 ortum,
2078 2097 2261 2191 quod
2302 2098 2799 2170 Columnarum

628 2204 1006 2292 vocabulo,
1059 2204 1166 2273 alii
1215 2202 1369 2272 freti
1425 2201 1715 2272 claustra
1757 2201 2159 2298 intelligant,
2211 2203 2319 2274 alii
2365 2205 2633 2296 GadeS,
2685 2207 2801 2278 alii

629 2313 975 2407 quippiam
1018 2309 1195 2379 ultra
1226 2309 1450 2379 Gades
1495 2311 1780 2378 situm.»
1824 2311 2094 2379 Nomen
2136 2335 2298 2380 velo
2346 2312 2653 2384 Gadibus
2696 2330 2801 2385 est

636 2419 945 2504 Gadira,
976 2405 1296 2485 Straboni
1339 2407 1640 2510 Γάδειρα,
1669 2414 2027 2486 Ptolemaeo
2058 2419 2253 2506 item,
2282 2432 2349 2486 et
2385 2432 2487 2488 est
2526 2421 2797 2492 Phoenie

633 2549 828 2611 cum,
855 2523 1233 2618 significans
1268 2547 1535 2620 sepem:
1555 2521 1712 2592 olim
1745 2525 1924 2592 enim
1960 2523 2234 2592 fuerunt
2258 2523 2697 2617 duaeinsulae,
2722 2543 2800 2597 ut

634 2645 1014 2702 memorant
1048 2630 1323 2716 Strabo,
1345 2629 1388 2698 l.
1429 2655 1486 2699 c.
1522 2645 1591 2698 et
1619 2628 1887 2699 Plinius.
1926 2629 2343 2701 Gadituram
2382 2655 2531 2701 eam
2576 2634 2799 2730 appel-

561 2759 568 2766 ·
636 2737 731 2807 lat
774 2736 1174 2807 Hermolaus
1207 2736 1388 2831 apud
1426 2736 1711 2807 Plinium
1728 2752 1767 2826 3·
1792 2738 2067 2832 Dionys.
2106 2741 2523 2832 Coqynusam
2542 2766 2571 2826 ;
2608 2757 2795 2811 vete-

637 2871 746 2914 res
781 2869 930 2914 eam
967 2844 1241 2930 urbem,
1277 2841 1729 2940 insulamque,
1757 2858 1824 2913 et
1866 2846 2209 2940 regionem
2253 2845 2541 2916 vicinam
2581 2868 2795 2944 usque

641 2951 728 3020 ad
754 2953 950 3021 Baetis
981 2951 1149 3020 ostia
1175 2964 1507 3020 vocarunt
1539 2953 1609 3020 E
1608 2951 1987 3044 rythream
2012 2955 2083 3022 E
2081 2953 2427 3047 rythream
2435 2954 2795 3046 fortuna-

637 3075 806 3128 tam.
851 3046 994 3126 Sita
1022 3071 1122 3126 est
1151 3059 1428 3126 Oceano
1456 3059 1660 3147 mari,
1694 3059 1765 3126 in
1804 3058 2050 3128 finibus
2097 3049 2697 3151 Turdetanorum,
2730 3077 2795 3132 et

639 3164 1009 3235 secundum
1047 3163 1521 3251 Ptolemaeum,
1557 3167 1625 3233 in
1658 3165 1928 3260 regione
1970 3168 2411 3257 Baeticorum,
2442 3193 2561 3238 seu
2602 3171 2792 3240 Baeti-

639 3295 752 3360 ca,
781 3297 928 3366 quae
959 3285 1061 3341 est
1087 3270 1497 3342 Celticorum
1526 3296 1683 3367 pars
1712 3285 2007 3342 extrema
2036 3275 2397 3368 provinciae
2426 3273 2791 3365 ulterioris»,

639 3379 710 3448 in
750 3380 1089 3473 Hispania.
1138 3380 1364 3468 Quam
1399 3379 1753 3474 magnifice
1795 3378 1880 3450 de
1918 3404 1997 3449 ea
2044 3382 2213 3451 urbe
2252 3383 2581 3452 sentirent
2626 3386 2791 3453 anti-

640 3487 794 3580 qui,
829 3487 1012 3555 testis
1045 3499 1154 3555 est.
1176 3485 1416 3555 Strabo
1437 3540 1456 3573 ,
1489 3486 1715 3555 dicens
1743 3485 1787 3554 l.
1830 3511 1914 3557 111
1934 3541 1953 3575 ,
1986 3513 2050 3583 p.
2104 3492 2249 3579 140
2275 3514 2291 3558 ε
2321 3518 2356 3554 α
2382 3490 2614 3560 Insula
2651 3492 2790 3561 haec

639 3593 782 3663 aliis
825 3593 1006 3662 nulla
1051 3617 1124 3662 re
1173 3607 1494 3687 praestans
1514 3647 1535 3678 ,
1570 3592 1960 3663 fortitudine
2002 3595 2370 3665 incolarum
2414 3599 2482 3664 in
2518 3599 2789 3693 naviga-

641 3700 936 3770 tionibus
976 3699 1346 3787 declarata,
1380 3714 1449 3768 et
1477 3698 1759 3770 colenda
1790 3726 1945 3771 cum
1987 3705 2308 3773 Romanis
2346 3704 2671 3790 amicitia,
2708 3703 2789 3773 ad

645 3807 715 3876 id
756 3808 1040 3880 fortunae
1082 3821 1315 3877 evecta
1356 3805 1518 3896 fuit,
1564 3822 1675 3898 ut,
1715 3833 2094 3903 quanquam
2139 3813 2207 3879 in
2262 3823 2565 3880 extremo
2600 3827 2791 3880 terrae

644 3916 957 3989 habitatae
991 3916 1284 4009 jaceret,
1321 3927 1547 3984 tamen
1587 3917 1890 3986 omnium
1924 3932 2098 3987 esset
2138 3917 2587 3988 celeberrima.
2623 3949 2660 3985 n
2701 3920 2787 3986 Et

643 4051 797 4094 mox
834 4025 1068 4096 eodem
1106 4021 1314 4110 libre,
1350 4048 1414 4116 p.
1466 4021 1608 4094 168
1643 4048 1658 4090 :
1712 4026 2057 4096 «Etenim
2094 4026 2409 4096 Gaditani
2448 4040 2646 4120 sunt,
2676 4025 2786 4120 qui
