3017 5042
771 468 985 537 VEL
1036 426 1977 549 Dls'sERTATmNES.
2296 494 2429 543 101

297 603 573 691 resedit;
604 616 671 674 et
710 602 963 681 hahens
997 626 1181 695 aeque
1212 625 1393 679 mare
1432 602 1854 674 dextrorsum
1892 616 1962 673 et
1997 617 2306 698 stagnum
2343 607 2440 675 si-

294 714 732 797 nistrorsum,
790 709 963 777 sicut
1020 723 1213 781 antea
1264 731 1447 779 mare
1502 709 1958 783 sinistrorsum
2016 724 2082 784 et
2131 724 2444 805 stagnum

291 818 719 887 dextrorsum
756 815 1115 902 habuerat,
1146 829 1361 883 castra
1400 816 1663 883 munire
1699 817 1921 909 coepit.
1955 816 2180 891 Caesar
2215 832 2442 893 autem

291 938 667 996 castrorum
694 920 1001 1016 praesidio
1024 921 1377 1015 Asprenati
1394 921 1777 1015 proconsuli
1797 946 1962 995 cum·
1977 921 2148 1019 legg.
2183 922 2442 999 duabus

290 1031 687 1112 commis50‚
727 1030 866 1121 ipse
905 1028 1197 1121 Scipioni
1238 1029 1534 1102 occurrit
1573 1052 1728 1099 cum
1761 1026 2072 1122 expedito
2107 1031 2402 1100 exercitu
2423 1085 2443 1119 ,

291 1151 357 1205 et
379 1160 589 1207 naves
613 1135 801 1227 jubet
830 1148 983 1228 post
1000 1134 1295 1211 hostium
1324 1148 1586 1227 tergum
1615 1159 1814 1228 quam
1837 1136 2122 1208 maxime
2147 1136 2234 1207 ad
2256 1134 2442 1211 littus

290 1241 557 1338 appelli.
606 1241 779 1313 Vide
822 1263 879 1309 c.
930 1233 1052 1311 80.
1885 1300 1890 1309 .

396 1350 459 1417 A
479 1348 926 1442 descriptione
953 1345 1082 1417 loci
1095 1346 1264 1425 data
1296 1347 1378 1415 ab
1410 1348 1793 1422 auctoribus
1823 1349 2264 1443 peritissimis,
2301 1304 2436 1423 scil.

296 1455 725 1526 Guslrclzardc
760 1468 829 1523 et
866 1457 1123 1548 Turpia
1164 1452 1253 1524 de
1300 1446 1560 1540 Cra-sd,
1585 1453 1946 1549 paululum
1989 1455 2266 1542 recedo,
2303 1478 2442 1528 non

292 1563 434 1630 sine
466 1586 667 1634 causa
695 1586 709 1629 ε
744 1561 814 1629 hi
841 1562 1019 1632 enim
1050 1559 1313 1654 fingunt
1347 1558 1722 1654 scipionem
1741 1615 1763 1647 ‚
1790 1564 2026 1635 amissa
2065 1561 2292 1657 spead
2321 1587 2442 1635 ur-

289 1668 447 1737 bem
488 1667 848 1743 accedendi
900 1691 1021 1761 per
1072 1667 1411 1760 angustias
1428 1669 1616 1741 ,inter
1661 1692 1854 1739 mare.
1887 1682 1955 1751 et
1977 1680 2300 1763 stagnum
2335 1693 2442 1737 sa·

291 1772 581 1851 linarum
618 1828 642 1862 ,
684 1788 901 1851 castra
945 1788 1267 1849 metatum
1316 1771 1619 1867 longiuS,
1643 1774 1762 1869 sed
1807 1776 2191 1868 semperin·
2210 1774 2443 1847 eadem

291 1879 699 1969 directione3
733 1882 955 1974 itaque
1000 1882 1373 1975 promiscue
1396 1880 1656 1953 habent
1687 1894 1754 1953 et
1788 1880 2133 1954 castellum
2163 1895 2232 1951 et
2266 1883 2446 1954 trina

294 1987 603 2082 praesidia
644 1989 712 2057 in
748 1988 856 2063 his
872 1988 1193 2081 angustiis
1218 1989 1432 2081 posita
1458 2000 1768 2061 menstra
1796 1986 2024 2061 lunata
2049 1987 2286 2060 urbe'm
2315 1989 2444 2058 cir·

294 2093 705 2163 cumdantia.
739 2094 828 2161 At
856 2086 981 2187 ego
1011 2096 1350 2188 perpensis
1386 2096 1583 2162 Hirtii
1618 2094 1838 2163 verbis
1874 2097 1966 2162 ita
2003 2094 2165 2164 mihi
2191 2095 2444 2188 Scipio·

293 2202 399 2269 nis
450 2200 952 2295 dispositionem
1000 2200 1199 2295 finge.
1243 2200 1423 2299 Age:
1456 2202 1539 2269 sit
1580 2200 1880 2295 trigonus
1915 2200 2104 2293 cujus
2143 2225 2442 2268 summus

292 2305 619 2401 angulus,
652 2308 1191 2401 septemtrionem
1236 2330 1499 2393 versuS‚
1537 2320 1848 2375 excurrat
1883 2308 1950 2375 in
1988 2330 2211 2393 mare;
2246 2306 2443 2399 hujus

294 2427 525 2481 autem
565 2411 772 2480 latera
809 2419 876 2481 et
918 2413 1002 2480 ab
1044 2412 1387 2481 occidente
1414 2426 1479 2480 et
1517 2413 1602 2480 ab
1636 2415 1890 2481 oriente
1926 2415 2093 2481 mari
2131 2412 2444 2481 definian-

294 2536 427 2589 tur.
470 2521 551 2587 In
577 2534 807 2588 centro
824 2520 1068 2613 trigoni
1096 2520 1293 2588 si‘tum
1325 2520 1411 2587 sit
1443 2518 1762 2613 oppidum
1787 2520 2109 2613 Thapsus.
2137 2521 2443 2587 Ducatur

292 2626 472 2695 linea
521 2640 706 2694 recta
748 2626 831 2694 ab
875 2639 1159 2718 utroque
1207 2622 1452 2718 angulo
1496 2649 1899 2717 procurrens
1919 2680 1938 2711 ‚
1977 2638 2046 2693 et
2083 2626 2226 2694 haec
2269 2623 2443 2693 linea

295 2734 383 2802 sit
420 2733 667 2825 trigoni
712 2732 904 2802 basis,
956 2731 1054 2800 Ad
1097 2731 1476 2799 distantiam
1522 2732 1623 2799 IV
1655 2729 1810 2797 mill.
1846 2754 2014 2823 pass.
2051 2729 2134 2797 ad
2177 2731 2440 2799 tertiam

295 2839 438 2908 fere
466 2854 727 2933 partem
764 2837 950 2907 lineae
980 2862 1209 2905 versus
1235 2860 1544 2903 occasum
1573 2836 1846 2929 incipiat
1871 2850 2178 2930 stagnum
2205 2834 2442 2903 salina·

295 2970 449 3014 rum
471 2997 491 3031 ‚
523 2959 594 3013 et
626 2959 823 3014 erunt
850 2945 935 3011 ab
965 2968 1098 3011 una
1126 2956 1317 3036 parte
1348 2943 1666 3035 angustiae
1705 2943 1878 3009 inter
1910 2942 1976 3010 id
2022 2956 2330 3035 stagnum
2376 2957 2444 3010 et

295 3075 487 3121 mare
515 3105 534 3138 ‚
578 3050 818 3145 quibus
876 3051 945 3117 in
990 3050 1307 3144 angustiis
1356 3051 1582 3117 Caesar
1635 3046 1976 3116 castellum
2029 3063 2098 3116 et
2139 3048 2443 3143 praesidia

296 3158 569 3228 locavit.
620 3155 933 3226 Similiter
986 3170 1141 3224 ante
1196 3154 1363 3223 duas
1410 3153 1570 3223 alias
1619 3151 1843 3240 lineae,
1898 3179 2098 3247 quam
2158 3153 2443 3223 diximus

296 3290 445 3335 esse
487 3264 679 3333 basin
718 3263 996 3357 trigoni,
1023 3276 1282 3356 parteS‚
1312 3262 1439 3329 erit
1474 3278 1750 3355 campus
1791 3260 1964 3329 infra
1997 3286 2194 3355 quem
2219 3263 2444 3330 Caesar

300 3385 524 3441 castra
547 3368 773 3439 lunata
800 3370 1051 3438 circum
1071 3368 1304 3436 urbem
1328 3366 1669 3454 habuerit,
1689 3381 1756 3435 et
1773 3391 1994 3461 supra
1996 3392 2194 3460 quem
2220 3368 2446 3460 Scipio

300 3492 525 3547 castra
568 3490 852 3545 metatus
896 3475 1013 3562 sit,
1057 3488 1126 3543 et
1160 3474 1268 3543 hic
1309 3498 1584 3566 campus
1628 3422 1903 3541 liabebit
1944 3472 2177 3541 dextra
2219 3497 2404 3541 mare
2424 3526 2444 3561 ‚

300 3586 573 3655 sinistra
594 3596 925 3677 stagnum.
947 3582 1069 3649 His
1094 3579 1437 3675 explicatis
1455 3579 1540 3647 ad
1565 3578 1866 3649 ordinem
1897 3604 2136 3673 pugnae
2155 3592 2444 3647 transeo.

410 3692 635 3759 Pauca
652 3689 844 3757 nobis
868 3687 1315 3781 suppeditavit
1332 3700 1583 3753 auctor.
1606 3687 1951 3753 Exercitus
1973 3686 2295 3779 Scipionis
2321 3710 2446 3779 pro

301 3795 485 3866 vallo
534 3794 988 3890 explicabatur
1019 3844 1038 3878 ‚
1082 3790 1434 3861 verisimile
1485 3792 1564 3860 fit
1613 3790 1938 3886 triplicem
1987 3790 2187 3859 fuisse
2237 3792 2448 3861 aciem

307 3904 611 3998 peditum
631 3956 651 3988 ,
692 3915 767 3970 ut
808 3926 954 3969 mos
996 3899 1268 3969 ferebat.
1317 3896 1703 3992 Elephantis
1747 3912 1822 3965 ut
1865 3922 2064 3991 supra
2107 3898 2174 3965 in
2209 3921 2450 3993 campo

307 4012 525 4079 Uzitae
580 4008 815 4076 dextro
874 4008 1268 4099 sinistroque
1311 4026 1523 4073 cornu
1563 3998 1935 4090 collocatiS‚
1985 3999 2142 4071 dum
2203 4006 2453 4097 equites

309 4114 623 4211 levesque
652 4129 1006 4183 armaturae
1036 4127 1190 4207 post
1216 4108 1324 4181 vel
1346 4134 1522 4205 pone
1545 4110 1934 4203 elephantos
1969 4108 2054 4178 ad
2094 4114 2452 4203 utrumque

1168 4230 1174 4236 .
1262 4246 1271 4254 ⁶
2059 4218 2083 4258 ³

2000 4258 2038 4329 7
