3017 5042
667 414 778 486 ,66
1111 411 1913 482 SUPPLEMENTA
1965 413 2322 501 VARIA,

780 551 841 618 A
893 546 1106 616 media
1144 559 1331 640 parte
1367 543 1676 638 aplustris
1702 545 2031 638 surgebat
2072 545 2433 618 Cheruscas
2450 600 2473 632 ,
2518 547 2796 622 alterum

677 667 1174 739 ornamentum,
1219 651 1400 744 quod
1442 648 1767 718 ansel-culi
1798 649 2084 744 effigiem
2121 652 2473 745 praebebat.
2522 657 2795 726 Lucian.

674 764 746 828 in
771 761 1067 853 navigio:
1087 764 1124 832 ἢ
1151 759 1397 850 πρύμνα
1414 757 1521 849 μὲν
1534 757 1949 830 ,ἐπανέστηκεν
1970 759 2167 849 ἠρέμα
2194 761 2484 851 καμπύλη
2498 813 2519 845 ,
2542 773 2795 855 χρυσοῦν

672 866 959 960 χίνησκον
994 865 1356 955 ἐπικειμένη.
1395 865 1486 929 Et
1514 860 1668 929 alibi
1698 888 1712 929 ε
1740 851 2017 940 Ainea&
2056 849 2370 957 Ῐστορίας,
2403 871 2436 932 ὁ
2470 868 2530 932 ἐν
2555 870 2794 963 πρῦμνῃ

670 971 956 1064 χηνίσκος
971 967 1144 1060 ἄφνω
1163 962 1558 1061 ἐπτερύξατο.
1588 966 1765 1036 Male
1787 966 2281 1062 Etymologicus
2298 971 2432 1039 hoc
2447 995 2795 1042 ornamen-

667 1091 813 1146 tum
849 1101 1065 1172 prorae
1099 1074 1363 1142 addicit.
1393 1076 1494 1141 Ex
1516 1075 1816 1168 aplustri
1844 1089 2066 1142 autem
2103 1099 2307 1169 saepe,
2343 1079 2705 1170 praesertim
2729 1082 2796 1148 in

667 1183 990 1276 praetoriis
1033 1180 1312 1249 navibus
1327 1233 1347 1266 ,
1383 1178 1687 1266 lucerna,
1721 1203 1836 1246 seu
1861 1178 1977 1248 fax
2001 1195 2328 1250 nocturna
2348 1181 2794 1276 dependebat,

663 1286 772 1358 vel
807 1289 953 1357 duae
973 1340 993 1375 ,
1029 1285 1134 1355 vel
1166 1285 1424 1379 plureS‚
1459 1300 1538 1353 ut
1566 1285 1793 1354 videre
1836 1300 1935 1353 est
1965 1288 2034 1354 in
2057 1289 2344 1375 triremi,
2367 1313 2499 1382 qua
2533 1289 2796 1360 vehitur

664 1395 986 1488 Trajanus
1021 1393 1194 1486 Imp.
1241 1393 1310 1458 in
1347 1390 1659 1459 columna
1700 1391 1999 1484 Trajana.

768 1502 1128 1593 Postquam
1157 1497 1240 1565 de
1269 1497 1569 1590 partibus
1606 1497 1797 1584 navis
1845 1499 2220 1566 summatim
2265 1500 2634 1593 attigimus,
2678 1525 2791 1570 su-

656 1620 881 1698 perest
920 1619 997 1672 ut
1036 1604 1119 1672 de
1151 1605 1357 1672 annis
1374 1617 1441 1672 et
1467 1604 1897 1671 armamentis
1924 1602 2445 1696 ejusloquamur
2486 1631 2501 1673 :
2538 1606 2675 1674 scil.
2710 1609 2791 1677 de

659 1710 1260 1794 catastromatibu5‚
1288 1706 1631 1802 delphino,
1654 1709 1977 1797 turribus,
2003 1711 2335 1798 transtriS,
2364 1710 2548 1799 velis»,
2576 1713 2752 1782 malo
2771 1768 2790 1801 ‚

659 1817 958 1904 fiinibus,
995 1829 1134 1885 etc:
1153 1819 1659 1884 Catastromata.
1676 1814 2178 1903 erant.tabulae,
2207 1815 2445 1909 quibus
2486 1834 2788 1889 conster-

658 1922 942 1992 nebatur
966 1923 1156 1990 navis
1185 1946 1267 1991 ac
1286 1921 1765 2015 contegebatur
1785 1974 1804 2007 ‚
1832 1936 1909 1989 ut
1935 1921 2160 1990 inhoc
2182 1920 2386 1990 veluti
2412 1937 2593 1992 tecto
2616 1939 2789 1994 stare

655 2043 1189 2122 propugnatores
1204 2081 1223 2114 ,
1259 2029 1460 2120 inque
1500 2027 1742 2095 hostes·
1758 2026 1888 2096 tela
1924 2029 2223 2096 emittere
2267 2043 2553 2122 possent.
2585 2033 2787 2098 Tem-

641 2135 930 2228 ‚porihus
958 2132 1260 2225 Trojanis
1276 2186 1295 2220 ‚
1325 2157 1531 2201 naves
1558 2147 1907 2204 constratae
1940 2157 2081 2202 non
2104 2147 2295 2202 emnt
2323 2159 2337 2202 ε
2368 2159 2585 2229 neque
2614 2139 2790 2208 enim

655 2238 917 2309 tabulas
952 2237 1120 2308 ullas
1147 2238 1519 2327 habebant,
1546 2240 1673 2307 nisi
1707 2241 1777 2307 in
1794 2263 1995 2334 prora
2024 2254 2091 2309 et
2112 2243 2375 2336 puppi,
2408 2256 2483 2310 ut
2501 2256 2689 2336 patet
2712 2267 2789 2312 ex

657 2348 974 2415 Homero.
1013 2344 1250 2438 Odyss.
1289 2346 1368 2412 M
1397 2369 1412 2412 τ

979 2554 1450 2572 .......
1508 2503 1615 2581 Εἰς
1657 2503 1817 2598 ἰκρία
1854 2506 1992 2582 νηὸς
2030 2499 2265 2572 ἔὸαινον

973 2609 1250 2702 Πρώρης.
1311 2662 1324 2677 .
1384 2660 1398 2676 .
1459 2661 1473 2676 .
1538 2661 1552 2676 .
1610 2661 1623 2690 e
1684 2661 1699 2676 .

653 2768 790 2838 Ubi
841 2765 1170 2836 scholiast.
1210 2768 1686 2862 interpretatur
1726 2793 1742 2836 ε
1782 2768 1943 2862 ἰκρία
1988 2768 2073 2836 τὰ
2092 2775 2619 2864 ,καταστρώματα
2660 2783 2784 2842 τῶν

653 2883 829 2947 νηῶν.
859 2875 1267 2942 Non'omnes
1283 2925 1303 2959 ‚
1339 2888 1416 2941 ut
1436 2873 1573 2965 jam
1602 2873 1889 2942 diximus
1908 2928 1926 2962 ‚
1946 2899 2157 2946 naves
2188 2889 2538 2956 constratae
2554 2896 2783 2965 erant3

611 2979 770 3064 ..sed
807 3001 904 3046 οων
928 2993 1219 3061 tantum,
1257 3003 1403 3071 quae
1443 2977 1529 3046 ad
1564 2978 1718 3047 beili
1752 3003 1947 3048 usum
1982 2997 2394 3075 pararentur.
2416 2985 2520 3050 ·In
2548 2983 2653 3054 his
2690 3011 2788 3056 ea-

654 3083 1688 3178 tastromatibuspropugnacula
1723 3100 1790 3153 et
1828 3100 2043 3155 turres
2080 3086 2484 3157 locabantur.
2508 3094 2783 3187 Propu—

648 3192 988 3284 gnacula,
1029 3189 1291 3260 diversa
1321 3214 1360 3257 a
1385 3191 1680 3259 turribus
1694 3240 1720 3274 r
1736 3189 2051 3261 dicuntur
2082 3195 2241 3266 loca
2260 3195 2547 3283 calabra,
2578 3205 2791 3292 quasi

654 3303 834 3368 murz·
847 3351 867 3382 ,
909 3296 1088 3365 unde
1115 3298 1360 3366 milites
1393 3321 1549 3366 suos
1585 3297 1814 3366 hostes
1822 3318 2320 3394 propugnant,
2370 3317 2497 3370 aut
2527 3327 2738 3373 manu
2753 3359 2778 3392 ,

655 3420 786 3474 auc
840 3405 1009 3472 telis.
1057 3405 1277 3472 Recte
1334 3405 1520 3496 quasi
1583 3405 1757 3472 muri
1816 3405 2170 3493 dicuntum
2220 3431 2375 3475 nam
2428 3431 2506 3476 ea
2563 3412 2784 3480 Graeci

651 3511 900 3601 τοίχους
919 3507 1342 3604 <appellavere
1373 3535 1388 3576 z
1416 3524 1486 3577 et
1505 3509 1649 3577 haec
1684 3511 2185 3606 propugnacula
2211 3513 2383 3584 forte
2410 3513 2575 3582 nihil
2602 3517 2782 3588 aliud

653 3629 848 3685 erant
863 3670 883 3703 ‚
913 3617 1037 3686 nisi
1071 3614 1182 3684 illa
1203 3639 1356 3709 quae
1387 3617 1598 3684 nostri
1632 3617 1863 3686 dicunt
1892 3643 1907 3685 :
1946 3621 2407 3714 Bastingages
2437 3621 2782 3713 defbrtes

653 3724 850 3791 tolles
869 3775 892 3808 ‚
949 3745 1040 3790 οιι
1091 3721 1214 3790 des
1249 3744 1500 3816 peaux
1543 3723 1823 3792 tmdues
1872 3719 2162 3794 dernbre
2217 3728 2281 3795 le
2328 3733 2781 3822 pen'toneium

639 3852 828 3921 pom·
865 3820 1196 3919 defindre
1229 3829 1328 3896 les
1359 3851 1667 3896 rameurs
1706 3831 1901 3898 ecles
1927 3824 2655 3909 combattants'contr’e
2683 3837 2784 3904 les

653 3941 857 4006 tmits
881 3935 1001 4003 des
1035 3940 1350 4004 ennemzk.
1384 3935 1661 4002 Nummi
1694 3937 1884 4006 nobis
1919 3937 2214 4008 offerunt
2228 3937 2463 4008 milites
2488 3956 2784 4010 armatos

651 4054 719 4107 et
742 4041 1095 4110 instructos
1127 4041 1212 4109 ad
1241 4037 1570 4134 praelium,
1600 4055 1808 4113 tectos
1834 4043 1918 4114 ad
1954 4044 2239 4116 mediam
2269 4061 2530 4140 partem
2560 4073 2598 4116 a
2626 4073 2783 4142 pro·

2065 4279 2071 4312 Ι
