3017 5042
664 424 801 495 DE
854 424 932 501 .C.
989 420 1825 497 JUL10.CAESARE.
2145 436 2312 497 ’παι

209 570 619 625 memoratam
650 553 762 625 lib.
792 559 897 625 IX
919 610 939 646 ,
968 557 1157 651 epist.
1198 580 1347 625 xiv.
1375 558 1553 627 Nam
1579 556 1860 627 Balbum
1894 554 2012 629 'res
2045 561 2323 631 Caesaris

208 688 325 731 non
346 686 606 741 curasse
638 661 881 747 solum,
916 662 1099 757 quod
1126 662 1382 734 Gellius
1411 664 1613 731 refert
1641 662 1752 732 lib.
1787 666 2023 753 XVII,
2061 690 2204 761 cap.
2239 690 2321 762 9,

204 769 301 837 sed
323 771 513 837 etiam
546 770 915 862 scripsisse,
952 784 1187 838 auctor
1218 785 1317 838 est
1342 772 1699 839 Suetonius
1721 772 1788 837 in
1814 770 1990 841 Julio
2023 796 2168 867 cap.
2201 772 2243 843 8
2265 797 2287 842 ι
2305 825 2320 840 .

202 875 313 943 Sed
352 900 389 943 a
429 875 831 968 Symmacho
874 900 1013 945 non
1054 874 1234 943 aliud
1261 900 1431 969 opus
1464 874 1851 970 intelligitur
1869 930 1888 963 ,
1917 900 2116 971 quam
2149 904 2323 947 com-

202 983 479 1051 mentarii
525 984 803 1054 Caesaris
846 981 931 1050 de
956 980 1133 1051 bello
1161 978 1441 1051 Gallico.
1474 985 1639 1052 Haec
1673 985 1852 1053 enim
1875 983 2119 1055 ibidem
2143 986 2323 1078 Sym-

202 1088 457 1157 machus
504 1087 899 1182 subjungit:
955 1117 989 1151 «
1042 1090 1202 1157 Haec
1254 1079 1702 1183 (Ephemeris
1757 1090 1832 1159 C.
1880 1084 2214 1179 Caesaris)
2258 1104 2324 1159 te

202 1195 494 1289 origineS,
536 1196 729 1281 sitm,
759 1218 1054 1289 pugnas,
1084 1209 1153 1263 et
1186 1194 1507 1289 quidquid
1539 1195 1791 1264 fuerit
1774 1222 1844 1265 m
1875 1198 2174 1268 moribus
2209 1211 2325 1265 aut

201 1297 427 1394 legibus
482 1248 909 1386 Galliaium,
962 1301 1245 1371 docebit.
1312 1330 1347 1365 >2
1400 1302 1572 1389 Quae
1620 1303 1870 1396 optime
1919 1305 2325 1373 conveniunt

200 1407 667 1475 commentariis
712 1407 1005 1476 Caesaris.
1048 1408 1268 1475 Immo
1308 1431 1575 1478 omnem
1623 1407 2010 1502 scrupulum
2046 1411 2274 1482 eximit
2302 1462 2324 1493 ‚

200 1513 403 1607 quod
387 1538 452 1580 in
483 1514 675 1581 MSS.
707 1511 1104 1607 quibusdam
1133 1512 1277 1581 haec
1313 1512 1520 1581 verba
1552 1514 2052 1585 subscribantur
2086 1515 2322 1585 ultimo

199 1617 347 1687 libro
379 1619 461 1695 de
496 1616 673 1687 bello
695 1617 989 1689 Gallico:
1031 1648 1065 1681 <t
1098 1621 1175 1688 C.
1200 1622 1237 1687 J
1242 1618 1357 1687 ulii
1381 1621 1659 1689 Caesaris
1683 1621 2022 1690 Pontificis
2045 1624 2325 1693 Maximi.

199 1726 567 1819 Ephemeris
602 1749 825 1793 rerum
856 1740 1191 1820 gestarum
1224 1723 1379 1793 belli
1420 1724 1659 1796 Gallici
1691 1724 1802 1793 lib.
1850 1729 2022 1795 VIII
2050 1727 2320 1822 explicit

197 1830 485 1919 feliciter3
523 1860 559 1929 ³³.
601 1845 679 1899 ut
704 1831 865 1900 nihil
895 1844 1127 1926 peccet
1158 1830 1402 1901 Paulus
1440 1831 1738 1919 Merula,
1776 1833 2322 1928 Cosmographiae

197 1935 287 2007 lib.
324 1942 429 2024 II,
474 1962 617 2032 cap.
678 1961 801 2033 17,
839 1938 951 2006 ubi
981 1938 1171 2031 J'ubet
1216 1963 1339 2007 nos
1377 1962 1492 2024 ea,
1540 1963 1688 2032 quae
1729 1941 1954 2008 Caesar
1987 1942 2320 2009 novennio

195 2044 251 2111 in
286 2044 513 2114 Galliis
558 2044 811 2138 gessit,
853 2058 1081 2139 petere
1126 2069 1207 2112 ex
1248 2042 1357 2113 lib.
1388 2047 1524 2151 VII
1569 2044 2070 2139 ephemeridum
2115 2047 2319 2140 ipsius
2440 2139 2445 2144 ⁸

196 2153 469 2221 Coesaris.
514 2154 686 2219 Nam
731 2176 867 2219 non
912 2150 1041 2219 alio
1096 2153 1419 2245 respexit,
1466 2175 1669 2244 quam
1713 2176 1850 2245 quo
1895 2150 2046 2219 dixi.
2099 2154 2320 2221 Etiam

144 2351 149 2355 ι
191 2257 355 2348 jussu
384 2259 525 2353 ejus
552 2258 837 2351 scriptus
874 2272 975 2326 est
1002 2256 1167 2329 liber
1192 2256 1275 2325 de
1314 2258 1443 2326 situ
1480 2255 1660 2327 orbis
1682 2260 1986 2326 Romani.
2023 2259 2320 2329 AEthicus

193 2365 249 2431 in
270 2365 455 2433 Praef.
480 2394 516 2429 «
536 2366 773 2457 Itaque
794 2363 1007 2432 Julius
1030 2366 1256 2433 Caesar
1269 2414 1288 2449 ,
1312 2362 1662 2433 bissextilis
1680 2365 1956 2432 rationis
1977 2365 2292 2433 inventor
2307 2419 2326 2453 ,

193 2470 405 2540 divinis
422 2471 863 2563 humanisque
886 2471 1084 2541 rebus
1102 2467 1521 2563 singulariter
1536 2470 1919 2557 instructuS,
1941 2494 2144 2564 quum
2171 2496 2322 2541 con-

195 2576 421 2647 sulatus
466 2580 565 2647 sui
614 2577 825 2646 fasces
882 2579 1199 2671 erigeret,
1250 2599 1331 2641 ex
1376 2574 1957 2647 senatusconsulto
2005 2579 2264 2647 censuit
2300 2632 2319 2665 ,

193 2708 438 2753 omnem
476 2684 707 2751 orbem
743 2684 879 2777 jam
906 2683 1191 2751 Romani
1222 2682 1507 2749 nominis
1543 2679 1845 2750 admetiri
1866 2706 1988 2774 per
2021 2682 2318 2776 pruden-

193 2792 454 2860 tissimos
476 2791 683 2873 virOS,
707 2805 774 2859 et
794 2791 975 2859 omni
996 2786 1431 2883 phil‘osophiae
1454 2810 1730 2857 munere
1745 2786 2111 2856 decoratos.
2137 2790 2322 2882 Ergo

194 2920 227 2963 a
264 2896 437 2966 Julio
486 2899 747 2966 Caesare
787 2912 855 2966 et
900 2898 1135 2965 Marco
1181 2895 1474 2963 Antonio
1528 2894 1716 2961 Coss.
1770 2892 1950 2961 orbis
1989 2907 2320 2964 terrarum
2360 2977 2365 2983 ¹

196 3005 393 3073 metiri
433 3006 665 3098 coepit,
708 3017 833 3073 etc.
885 3032 919 3068 >2
970 3000 1350 3071 Baldericus
1370 3054 1389 3087 ,
1437 3000 1906 3069 Noviomensis
1949 3013 2017 3066 et
2063 3002 2318 3071 Torna-

195 3112 387 3179 censis
408 3112 798 3206 episcopuS,
832 3112 945 3203 qui
978 3122 1133 3177 ante
1170 3130 1381 3175 annos
1421 3130 1630 3200 prope
1667 3119 2015 3175 sexcentos
2046 3104 2319 3196 claruit,

197 3216 497 3286 Chronici
516 3216 1011 3287 Cameracensis
1040 3228 1107 3284 et
1130 3214 1582 3282 Atrebatensis
1613 3211 1720 3280 lib.
1748 3215 1784 3281 I
1803 3264 1821 3298 ,
1852 3236 1996 3308 cap.
2029 3209 2114 3281 3:
2145 3244 2180 3277 «
2206 3216 2316 3283 Li-

195 3320 333 3407 ber,
352 3349 464 3418 qui
448 3323 757 3418 jubente
781 3326 819 3391 J
823 3322 955 3391 ulio
975 3323 1238 3391 Caesaie
1264 3345 1345 3389 ex
1369 3317 1942 3388 senatusconsulto
1960 3342 2000 3385 a
2027 3319 2317 3413 pruden-

195 3429 441 3503 tissimis
474 3430 559 3498 de
596 3428 1125 3549 Cosmographia
1166 3426 1603 3495 inscribitur.
1642 3425 1758 3493 ubi
1803 3422 2070 3519 quidem
2117 3428 2320 3496 totius

194 3536 355 3607 orbis
414 3538 700 3606 Romani
758 3536 1043 3605 nominis
1092 3536 1399 3602 universa
1442 3530 1590 3601 loca
1635 3529 1890 3601 famosa
1933 3516 2318 3627 distinguit,

195 3656 301 3711 etc.
346 3674 381 3709 ³>
422 3647 642 3713 Etiam
687 3642 867 3711 Felix
910 3639 1259 3709 Malleolus
1307 3637 1691 3722 HelvetiuS,
1737 3640 1850 3730 qui
1899 3637 2126 3707 floruit
2161 3653 2317 3708 ante

194 3771 385 3821 annos
422 3774 649 3839 eLxx,
690 3750 1093 3817 mentionem
1131 3747 1271 3839 ejus
1311 3746 1469 3813 facit
1497 3742 1784 3837 Dialogo
1819 3744 1904 3811 de
1934 3744 2312 3813 Nobilitate.

194 3854 349 3925 Puto
384 3872 609 3927 autem
650 3856 824 3925 idem
872 3879 1013 3923 esse
1056 3877 1267 3946 opus,
1312 3849 1493 3944 quod
1530 3852 1710 3917 varie
1761 3864 1989 3943 postea
2010 3898 2028 3932 ,
2075 3852 2314 3943 partim

193 3984 227 4027 a
258 3964 557 4055 gentibus
574 4018 593 4050 ,
631 3965 871 4058 partim
910 3984 947 4029 a
979 3958 1407 4042 Christianis,
1439 3955 1905 4049 interpolatum
1927 4008 1946 4042 ,
1982 3979 2162 4025 nunc
2190 3958 2314 4027 suh

192 4070 493 4141 Antonini
534 4086 605 4141 et
642 4070 887 4139 AEthici
923 4067 1191 4137 nomine
1234 4062 1489 4158 legitur.
1527 4062 1654 4131 Sed
1685 4062 1954 4131 occasio
1986 4062 2314 4156 J‘ubet,‚ut
