3017 5042
877 485 1753 558 GEOGRAPHICUS.
2244 490 2399 562 213

246 614 614 691 TAEduorum
658 640 1013 707 concessu,
1045 607 1506 714 migraverunt
1547 622 1618 687 in
1662 644 1808 689 eam
1856 618 2091 691 Galliae
2133 639 2395 717 partem

247 752 385 823 quae
426 725 675 795 dicitur
711 726 778 793 le
813 726 1296 796 Bourbonuae's
1323 752 1345 795 .·
1374 729 1462 797 ita
1505 728 1719 796 critici
1756 752 2007 797 omnes.
2050 729 2262 819 Male,
2294 757 2395 801 se·
2467 802 2473 808 ,

244 833 535 904 cundum
575 835 674 901 D.
723 830 806 899 de
851 832 1244 924 Maudajot·
1279 830 1325 921 (
1355 836 1725 906 Nouvelles
1774 826 2231 907 Ddcouvertes
2281 862 2401 906 sur

243 933 443 1011 l’e'tat
469 939 560 1008 de
589 940 981 1009 l’ancz'enne
1023 942 1283 1028 Gaule,
1327 966 1394 1035 p.
1438 966 1463 1011 1
1481 934 1649 1030 60),
1679 943 1793 1035 qui
1830 941 2055 1011 multis
2084 944 2397 1037 probabi-

240 1045 412 1117 libus
431 1046 848 1141 argumentis
872 1047 1150 1135 evincit,
1169 1049 1508 1143 regionem
1532 1047 1782 1118 dictam
1800 1051 1865 1119 le
1883 1050 2393 1138 Bourbomzais,

241 1178 446 1249 penes
486 1154 847 1249 Bituriges,
884 1179 1023 1223 non
1063 1153 1315 1225 AEduos
1346 1155 1567 1225 fuisse.
1606 1158 1775 1225 Eam
1803 1156 2007 1251 igitur
2035 1158 2212 1227 Boiis
2250 1181 2403 1227 con·

243 1286 497 1331 cessam
531 1256 758 1329 sedem
787 1260 962 1330 locat
994 1262 1063 1328 in
1099 1275 1290 1355 parte
1315 1262 1491 1332 dicta
1530 1264 1595 1331 le
1624 1266 2079 1333 Bas-Forest.
2111 1263 2310 1349 Inde,
2336 1280 2404 1334 et

234 1367 423 1462 juxta
443 1369 664 1461 ripam
701 1366 940 1436 fabulis
983 1367 1311 1437 celebrem
1356 1368 1648 1438 fluminis
1682 1373 1985 1464 Lzlgnon,
2026 1372 2097 1439 in
2136 1396 2217 1441 eo
2250 1369 2403 1441 loco

241 1476 351 1544 ubi
378 1499 569 1542 nunc
598 1488 699 1545 est
709 1474 872 1543 urbs
885 1477 1123 1569 exigua
1141 1490 1380 1545 vocata
1405 1480 1622 1563 Boon,
1648 1477 1831 1546 dans
1860 1479 1924 1547 le
1946 1480 2197 1549 Bas-F
2189 1494 2396 1565 orest,

243 1582 432 1675 cujus
457 1606 717 1663 ,nomen
755 1607 909 1652 cum
947 1583 1330 1653 nominibus
1370 1586 1533 1652 Boii
1560 1597 1627 1651 et
1670 1588 1853 1655 Boia
1896 1586 2197 1679 apprime
2242 1608 2401 1654 con·

243 1690 460 1757 sentit.
501 1674 675 1757 Erat
714 1703 782 1758 et
823 1691 1099 1784 exiguus
1143 1714 1300 1759 sane
1336 1689 1626 1785 populus
1671 1689 1965 1781 ejusdem
2011 1692 2299 1761 nominis
2335 1693 2407 1760 in

245 1794 484 1865 Gallia.
516 1797 624 1863 Ita
645 1794 996 1868 d'Anville
1025 1787 1296 1891 (ge'ogr.
1343 1820 1497 1867 ane.
1528 1812 1573 1866 t.
1609 1821 1634 1866 1
1656 1851 1675 1885 ,
1703 1822 1768 1891 p.
1814 1797 1857 1866 8
1882 1820 1899 1867 ι
1927 1793 1988 1886 );
2026 1826 2061 1861 «
2087 1800 2205 1866 Un
2240 1800 2409 1891 petit

245 1900 490 1997 peuple
508 1954 529 1989 ,
557 1901 828 1971 nomme
847 1908 1024 1990 Boii,
1057 1901 1219 1972 etait
1243 1902 1416 1973 celui
1441 1903 1525 1975 de
1554 1905 1779 1992 Buies,
1799 1903 1890 1971 du
1919 1927 2081 1997 pays
2111 1903 2193 1971 de
2220 1904 2411 1973 Buch

247 2010 398 2104 pres
455 2007 540 2076 de
585 2008 649 2078 la
697 2036 890 2097 mer,·
941 2026 1009 2079 et
1058 2009 1122 2077 la
1161 2010 1374 2080 resine
1418 2035 1549 2105 que
1594 2010 2001 2081 fournissent
2039 2010 2135 2079 les
2178 2008 2407 2078 landes

247 2116 326 2185 de
355 2141 437 2185 ce
471 2131 752 2204 canton,
776 2116 872 2186 les
912 2116 1033 2187 fait
1066 2117 1337 2212 appeler
1375 2122 1905 2188 Piceos-Boios.
1928 2146 1964 2181 >³
2008 2118 2153 2185 Boii
2182 2130 2409 2185 autem

248 2222 328 2291 de
369 2222 616 2317 quibus
659 2223 725 2291 h.
771 2222 811 2291 l.
853 2225 1104 2293 mentio
1146 2224 1254 2311 fit,
1309 2238 1571 2319 partem
1611 2223 1984 2292 AEduorum
2022 2224 2108 2291 ab
2144 2224 2221 2293 iis
2260 2249 2411 2292 con-

250 2354 506 2399 cessam
550 2328 962 2413 incolebant,
991 2331 1184 2423 juxta
1219 2336 1561 2400 Arvernos
1600 2344 1667 2401 et
1694 2331 2054 2424 BiturigeS,
2079 2355 2167 2400 sc.
2212 2355 2413 2425 angu-

250 2434 390 2506 lum
423 2450 622 2518 terrae
657 2439 830 2507 inter
859 2437 1270 2506 confluentes
1308 2438 1565 2531 Ligeris
1599 2450 1683 2519 et·
1710 2435 2045 2523 Elaveris3
2083 2436 2198 2504 ubi
2230 2461 2413 2507 nunc

250 2559 350 2613 est
392 2544 460 2612 le
485 2543 1005 2630 Bourbonnaz's,
1047 2536 1202 2639 dep.
1243 2542 1332 2613 de
1363 2544 1666 2630 Z'Allier,
1699 2542 1946 2611 horum
1991 2543 2151 2613 urbs
2188 2545 2413 2637 praeci-

249 2676 384 2745 pua
424 2653 772 2745 Gergovia
805 2652 1145 2719 Boiorum.
1175 2648 1350 2719 Vide
1388 2647 1472 2715 ad
1509 2649 1685 2717 hanc
1710 2674 1982 2733 rocem.

351 2761 732 2854 Boslgoaus
783 2771 850 2825 et
901 2780 1187 2850 regnum,
1247 2756 1531 2849 Bospori
1590 2747 1711 2844 (B.
1758 2754 1861 2825 Al.
1906 2781 1961 2824 c.
2015 2746 2180 2849 78).
2230 2757 2416 2824 Inter

253 2861 381 2951 45⁰
405 2879 478 2933 et
517 2860 648 2949 45⁰
690 2861 728 2946 ξ-
767 2863 878 2931 lat.
926 2860 1054 2948 34⁰
1095 2876 1164 2930 et
1207 2858 1334 2931 35⁰
1363 2861 1598 2955 longit.
1630 2862 1790 2931 Non
1811 2866 2165 2957 Bosporus
2196 2861 2413 2930 Thra-

250 2978 429 3059 cius,
459 2970 664 3039 hodie
701 2970 921 3041 dictus
959 2970 1180 3039 canal
1213 2968 1302 3039 de
1343 2970 1951 3064 Constantinople3
1984 2967 2101 3037 sed
2132 2966 2379 3037 canalis
2396 3022 2416 3056 ,

253 3105 368 3149 seu
415 3078 646 3147 fauces
689 3102 837 3172 quae
874 3076 1195 3171 jungunt·
1224 3078 1521 3145 Pontum
1572 3076 1911 3144 Euxinum
1971 3100 2127 3144 cum
2171 3073 2416 3169 palude

253 3184 575 3257 Maeotide
595 3211 615 3273 ;
639 3210 786 3279 quae
808 3183 1076 3279 quidem
1109 3183 1426 3253 dicuntur
1454 3187 1809 3279 Bosporus
1834 3186 2243 3255 Cimmeriam
2263 3185 2418 3252 Vox

185 3297 192 3303 ’
253 3298 615 3390 Bosporus
656 3305 880 3361 autem
919 3290 1144 3359 efficta
1173 3314 1213 3358 a
1236 3292 1422 3379 Βοὸς,
1447 3294 1689 3377 Bovis,
1724 3305 1792 3358 et
1820 3292 2041 3382 πόρος,
2082 3293 2415 3357 transitus

257 3392 437 3497 (gall.
461 3398 799 3481 diceretur
819 3401 883 3477 le
889 3422 1211 3494 passage
1233 3397 1326 3466 du
1356 3390 1619 3489 boeuf').
1640 3401 1942 3491 Bosporo
1969 3410 2193 3465 autem
2226 3420 2417 3490 reges

256 3522 450 3577 erant
479 3506 828 3576 constituti
839 3505 980 3600 jam
999 3518 1154 3574 ante
1169 3504 1472 3575 Mithrid.
1487 3558 1506 3593 ,
1522 3504 1667 3599 qui,
1681 3518 1823 3573 tota
1843 3505 2117 3599 regione
2135 3504 2385 3596 potitus
2400 3555 2418 3590 ,

257 3617 390 3685 suis
425 3638 586 3683 eum
617 3613 872 3686 addidit
902 3612 1232 3689 dominiis.
1253 3615 1441 3680 Inter
1457 3612 1583 3683 hos
1600 3600 1937 3705 principes
1952 3607 2193 3679 Strabo
2216 3609 2422 3678 nomi-

259 3724 470 3792 natim
498 3719 616 3791 dat
641 3721 1047 3807 Leuconim,
1071 3720 1420 3813 Sangarim
1447 3732 1517 3787 et
1541 3717 1919 3801 Parisadem
1947 3716 2273 3785 ultimum.
2302 3717 2428 3783 Re-

261 3854 469 3923 gnum
485 3831 951 3923 Bosporanum
976 3822 1549 3921 complectebatur
1572 3839 1783 3893 totam
1810 3821 2251 3919 peninsulam,
2275 3846 2423 3916 quae

262 3958 305 4003 a
336 3937 595 4005 Graecis
622 3936 994 4005 vocabatur
1016 3934 1302 4004 Taurica
1333 3932 1829 4016 Chersonesus3
1873 3932 2057 4025 regio
2088 3930 2391 3998 omnium
2410 3982 2442 4017 „

264 4066 409 4135 quae
439 4042 714 4114 fuerunt
738 4068 1065 4139 unquam,
1081 4039 1698 4128 fertilissima,teste
1726 4036 1961 4107 eodem
1979 4091 1998 4123 ,
2016 4052 2087 4105 et
2108 4037 2437 4131 frequen--
2550 4050 2555 4055 ’

268 4148 546 4240 tissima,
583 4175 732 4245 quae
767 4151 965 4222 urbes
998 4149 1295 4225 habebat
1320 4148 1815 4241 Panticapaeum
1833 4198 1851 4234 ,
1887 4144 2326 4213 Parthenium
2362 4156 2437 4215 et·

1931 4263 2059 4365 14³
