3017 5042
752 435 889 502 DE
946 435 1021 504 C.
1080 435 1405 502 JULIO
1458 436 1901 505 CAESARE.
2259 440 2400 513 135
2491 493 2499 499 .

268 567 389 660 qui
424 567 821 660 superiorem
862 566 1153 659 scripsit,
1181 565 1591 637 tribuendus.
1624 566 1822 635 Plura
1858 582 2080 637 tamen
2108 570 2400 666 interpo-

268 671 489 740 latoris
521 672 903 740 recentioris
944 672 1219 765 vestigia
1254 673 1322 740 in
1362 670 1475 741 illo
1510 673 1690 742 visus
1730 688 1832 742 est
1865 673 1989 743 sibi
2029 675 2396 771 deprehen·

262 776 425 846 dere
455 777 929 848 eruditissimus
957 775 1339 846 Dodw'ellus
1373 779 1442 845 in
1479 777 1630 848 diss.
1657 779 1740 847 de
1770 782 1807 849 J
1812 779 1943 848 ulio
1973 779 2203 870 Celso,
2238 800 2395 854 sect.

261 906 429 970 V1113
450 885 633 975 cujus
656 897 1049 978 argumenta
1078 882 1485 952 confutanda
1508 885 1630 953 sibi
1661 887 1939 979 sumpsit
1969 889 2006 956 J
2009 912 2067 954 0.
2099 885 2396 960 Clericus

258 1003 421 1056 tom.
454 992 723 1074 XXVI,
751 988 921 1058 Bibl.
954 987 1185 1059 Select.
1218 1015 1283 1084 p.
1322 1013 1351 1058 1
1370 987 1461 1059 32
1496 1015 1591 1083 sq.
1628 988 1702 1060 3⁰
1721 989 1892 1060 liber
1917 991 2005 1060 de
2042 993 2218 1062 bello
2255 997 2394 1064 Ηί-

255 1099 635 1188 spalatensi,
678 1120 885 1190 quem
914 1093 999 1163 ad
1035 1093 1423 1165 Cornelium
1448 1094 1772 1182 Balbum,
1813 1098 1921 1166 cui
1957 1096 2198 1168 librum
2222 1103 2390 1172 VIII

260 1199 345 1269 de
369 1199 538 1269 hello
568 1200 829 1270 Gallico
866 1202 1121 1270 Hirtius
1146 1201 1421 1288 dicavit,
1460 1200 1568 1270 vel
1595 1202 1680 1270 ad
1709 1204 1788 1271 C.
1818 1203 2148 1298 Oppiu1n¹
2190 1206 2396 1276 refert

252 1306 361 1374 vir
395 1307 663 1400 insignis
691 1306 927 1400 judicii
959 1308 1041 1375 G.
1082 1309 1137 1375 Ι.
1173 1308 1468 1376 Vossius.
1495 1308 1586 1402 At
1627 1310 1980 1378 Suetonius
2009 1310 2274 1404 quidem
2307 1313 2390 1382 de

253 1411 455 1481 Balbo
502 1412 701 1482 silens
721 1466 741 1500 ,
794 1442 827 1477 ‹<
871 1411 1299 1482 Alexandrini
1312 1465 1333 1499 ,
1374 1393 1624 1507 inquit,
1665 1413 2004 1508 Africique
2039 1429 2108 1484 et
2151 1419 2388 1513 Hispa·

250 1518 485 1588 niensis
512 1522 809 1588 incertus
841 1533 1075 1588 auctor
1104 1531 1221 1586 est.
1251 1517 1381 1614 Alii
1398 1520 1584 1588 enim
1614 1520 1946 1614 Oppium¹
1973 1536 2248 1616 putant,
2279 1523 2386 1593 alii
2473 1539 2476 1544 '

251 1625 570 1711 Hirtium,
601 1627 715 1719 qui
746 1626 946 1692 etiam
978 1623 1216 1694 Gallici
1244 1623 1399 1692 belli
1428 1625 1862 1696 novissimum
1889 1627 2380 1721 imperfectum-

245 1754 373 1822 que
406 1730 653 1800 librum
688 1728 1036 1824 supplevit.
1080 1759 1115 1795 ³>
1158 1733 1357 1800 Hunc
1382 1729 1626 1801 librum
1648 1730 1732 1800 de
1759 1730 1934 1804 bello
1966 1734 2382 1827 Hispaniensi

246 1828 589 1924 (alterius,
630 1861 831 1930 quam
866 1835 1003 1906 duo
1040 1838 1410 1930 superiores
1429 1891 1450 1924 ,
1480 1831 1821 1926 auctoris)
1860 1851 2074 1906 totum
2117 1838 2384 1909 militari

240 1942 527 2034 quodam
550 1957 621 2012 et
644 1941 922 2012 horrido
951 1944 1393 2038 compositum
1410 1967 1554 2014 esse
1581 1941 1776 2038 stylo,
1789 1945 1912 2013 etsi
1932 1943 2104 2014 bene
2126 1941 2382 2032 latino²‚

242 2064 477 2140 praeter
509 2052 811 2144 Lipsium
828 2102 848 2137 ,
877 2052 949 2117 II
968 2099 987 2134 ,
1013 2075 1104 2118 αα
1142 2049 1560 2137 Electorum,
1598 2051 1859 2119 monuit
1884 2050 2212 2146 Iosephus
2235 2054 2382 2122 Sca-

242 2150 399 2247 liger
436 2155 809 2274 prolegom,
848 2155 935 2224 ad
969 2155 1343 2226 Manilium.
1377 2159 1438 2226 A
1471 2159 1510 2227 J
1514 2155 1649 2225 ulio
1681 2155 1878 2226 Celso
1908 2155 2379 2277 interpolatum

237 2259 319 2328 ad
360 2285 485 2331 nos
529 2264 936 2356 pervenisse,
976 2261 1201 2332 multis
1228 2264 1670 2380 argumentis,
1704 2287 1845 2330 non
1877 2261 2143 2357 aequalis
2175 2266 2382 2334 omni-

238 2363 357 2435 bus
392 2367 743 2460 ponderis,
770 2368 1063 2462 disputat
1092 2366 1514 2438 Dodwellus
1496 2393 1566 2437 m
1594 2367 1878 2438 laudatae
1905 2367 2056 2438 diss.
2088 2372 2378 2440 sectione

234 2457 357 2540 11³.
380 2476 717 2544 Caeterum
749 2473 861 2543 hic
884 2472 1050 2542 liber
1077 2474 1167 2542 de
1190 2473 1369 2544 bello
1398 2476 1852 2567 Hispaniensi
1869 2488 2164 2546 extrema
2187 2491 2390 2570 paite

234 2578 501 2648 mutilus
524 2593 769 2665 exstat,
798 2593 997 2672 atque
1024 2602 1109 2648 ex
1144 2579 1423 2646 Martini
1452 2601 1718 2672 quoque
1742 2576 2074 2661 Bladenii,
2111 2580 2390 2698 Anglici

230 2673 643 2778 interpretiS‚
666 2686 989 2753 sententia
1020 2685 1265 2777 passim
1295 2698 1652 2777 corruptus
1688 2696 1818 2768 est,
1840 2699 1908 2752 et
1939 2685 2223 2776 junioris
2255 2711 2374 2754 au-

230 2791 457 2875 ctoris,
496 2815 699 2884 quam
749 2805 826 2858 ut
872 2790 1149 2860 Caesaris
1196 2803 1501 2908 tempora
1551 2789 1881 2889 attigerit·
1864 2841 1886 2876 ,
1927 2789 2109 2882 quod
2148 2805 2374 2860 tamen

226 2897 543 2966 Suetonio
586 2897 855 2992 minime
910 2897 1164 2981 visum,
1210 2896 1325 2988 qui
1373 2893 1483 2964 alii
1535 2894 1802 2988 quidem
1843 2918 2045 2989 quam
2093 2898 2374 2984 Caesari,

227 3001 336 3070 sed
366 3003 484 3071 uni
526 3027 611 3070 ex
652 3003 793 3094 ejus
827 3000 1293 3089 familiaribus,
1335 3002 1562 3098 Oppio
1598 2999 1704 3069 vel
1749 3001 1968 3070 Hirtio
1985 3053 2005 3088 ,
2046 3002 2370 3072 tributum

224 3109 501 3202 scripsit.
545 3105 802 3177 Bellum
847 3132 1051 3202 porro
1093 3108 1532 3202 Hispaniense
1568 3133 1694 3200 pro
1735 3131 1815 3176 eo
1837 3159 1858 3192 ,
1893 3107 2075 3200 quod
2110 3109 2181 3176 in
2217 3111 2380 3180 His·.

220 3215 418 3306 pania
453 3228 714 3308 gestum
757 3227 890 3298 est,
926 3216 1019 3282 ita
1051 3212 1292 3284 dicitur
1310 3267 1330 3296 .,
1366 3227 1441 3282 ut
1475 3212 1643 3282 liber
1679 3213 2131 3310 Hispaniensis
2154 3267 2172 3300 ,
2215 3218 2374 3309 quia

223 3321 505 3414 scriptus
549 3334 651 3388 est
692 3323 762 3388 in
806 3321 1157 3414 Hispania,
1200 3317 1492 3394 Martiali
1527 3319 1780 3413 praefat.
1817 3317 1968 3388 libri
1997 3323 2144 3389 -XII
2167 3373 2186 3406 ,
2228 3343 2370 3394 noa

219 3429 749 3520 szpam‘ensem
784 3425 1026 3496 librum
1062 3431 1443 3512 mittamus,
1488 3425 1620 3494 sed
1653 3428 2067 3520 Has-panum.

304 3639 352 3671 ι.
382 3621 445 3674 C.
484 3621 723 3692 Oppium
758 3620 995 3691 intellige
1022 3620 1243 3674 Casu-is
1420 3640 1471 3674 τ.
1520 3618 1664 3672 Vide
1706 3618 1953 3672 Oberlini
1987 3619 2365 3690 prefatiuncu-

222 3698 535 3752 l'amiliarem
549 3738 567 3764 ,
593 3699 661 3752 de
695 3719 803 3772 quo
840 3699 983 3754 idem
1026 3700 1247 3754 Vossius
1332 3700 1440 3754 lam
1454 3699 1584 3752 huic
1600 3700 1742 3752 libro
1757 3699 2034 3768 praeflxam
2050 3711 2248 3750 nostrae
2260 3697 2374 3753 edi-

218 3795 269 3848 p.
298 3783 395 3848 67.
420 3779 565 3832 Huic
585 3780 785 3833 librum
804 3778 873 3834 de
892 3780 1037 3832 bello
1058 3778 1248 3850 Hispa·
1336 3779 1532 3841 tionis,
1562 3791 1602 3832 t.
1631 3780 1721 3843 Π,
1751 3799 1808 3850 p.
1847 3779 1980 3832 526.
2007 3779 2110 3830 En.

217 3858 389 3912 niensi
427 3859 625 3912 tribuit
653 3855 813 3912 etiam
846 3861 1245 3912 Volutet-ratius.
1423 3858 1476 3910 3.
1500 3857 1667 3910 .Vide
1696 3876 1915 3929 quoque
1941 3854 2177 3928 ejusdem
2210 3857 2271 3910 C.
2294 3858 2366 3912 V.

219 3935 384 3989 Hirtii
426 3939 495 3992 sit
537 3957 605 3992 an
637 3939 803 4012 Oppii
832 3940 973 3992 liber
1008 3936 1077 3990 de
1106 3937 1247 3992 bello
1338 3936 1605 3990 Dodwelli
1629 3937 2102 3992 luculentissimam
2128 3933 2335 3990 dissert.
2354 3981 2376 4007 ,

215 4017 468 4071 Africano
484 4057 500 4082 ,
522 4015 733 4072 dubitat
751 4021 1021 4090 Rupertus
1038 4015 1108 4072 ad
1124 4017 1249 4070 Flo·
1336 4016 1520 4069 LVIII
1533 4029 1818 4070 comment.
1833 4015 1902 4069 de
1916 4017 1976 4070 B.
1996 4016 2066 4069 G.
2077 4016 2370 4087 praefixam.

219 4115 343 4148 rum
374 4116 493 4169 pag.
527 4103 657 4152 262.
1060 4168 1067 4176 ι
1342 4096 1494 4152 Nost.
1515 4093 1601 4149 ed.
1626 4098 1729 4150 t.1.
1747 4115 1804 4167 p.
1831 4093 2052 4165 298,ad
2066 4095 2368 4164 finemEn,

1958 4184 1983 4226 a

1829 4218 1934 4301 ‚9
