3017 5042
907 445 1782 518 GEOGRAPHICUS.
2265 450 2414 538 343

249 577 449 670 Urbs
482 599 725 671 magna
756 574 988 646 Galliae
1017 576 1347 672 cisalpinae
1367 632 1386 666 ,
1417 579 1534 647 ubi
1563 595 1796 674 portus
1825 593 1969 649 erat
1997 582 2080 649 ab
2112 589 2414 678 Augusto

250 685 513 772 factuS,
540 708 743 778 super
758 685 928 752 mari
954 684 1374 772 HadriaticO,
1394 685 1509 754 sed
1536 709 1717 755 nunc
1751 687 2050 757 obrutus.
2085 690 2419 760 Memoria·

248 805 489 860 tamen
526 804 763 885 portus
804 804 1018 860 exstat
1050 793 1119 860 in
1165 790 1313 861 loco
1350 795 1458 861 cui
1501 817 1750 862 nomen
1792 807 1892 863 est
1924 793 2186 864 Classis.
2223 799 2416 867 Hanc

248 897 498 966 urbem
549 922 591 966 a
638 896 967 966 Thessalis
1021 898 1357 967 conditam
1408 898 1634 968 ferunt
1655 953 1676 987 ‚
1720 899 1957 969 deinde
2006 901 2089 969 ab
2139 902 2418 972 Umbris

246 1003 647 1072 habitatam.
692 1005 1087 1073 Ravennam
1132 1004 1445 1074 describit
1472 1007 1714 1075 Strabo
1751 1006 1986 1075 eodem
2028 1006 2168 1076 fere
2211 1009 2419 1078 modo

248 1136 390 1204 quo
426 1135 613 1179 nunc
649 1125 865 1182 exstat
898 1111 1059 1180 urbs
1092 1110 1267 1181 dicta
1304 1115 1380 1182 V
1370 1118 1601 1180 enise:
1632 1112 1883 1192 scilicet
1918 1113 2040 1182 sita
2074 1129 2176 1184 est
2209 1116 2278 1182 in
2309 1141 2418 1210 pa-

246 1214 529 1286 ludibus
573 1215 773 1286 maris
824 1231 986 1286 aestu
1036 1218 1225 1287 factis
1246 1271 1265 1302 ,
1318 1217 1433 1286 sed
1476 1217 1854 1290 salubribus
1878 1273 1897 1308 ,
1947 1221 2102 1313 quia
2149 1247 2420 1291 coenosa

246 1325 487 1392 omnia
515 1323 703 1392 fluvii
722 1378 741 1411 ,
764 1347 973 1418 quum
996 1324 1369 1394 ascendunt
1387 1377 1407 1412 ,
1438 1349 1665 1395 secum
1691 1324 1952 1396 tollunt.
1983 1328 2152 1396 Tota
2186 1326 2418 1423 ligneis

248 1445 529 1500 constat
568 1430 856 1500 aedificiis
900 1443 969 1500 et
1018 1445 1119 1500 est
1157 1432 1345 1525 aquis
1387 1431 1646 1528 perflua
1664 1485 1682 1519 ‚
1742 1457 1950 1527 quare
1994 1434 2308 1528 pontibus
2351 1450 2420 1504 et

244 1535 493 1606 lembis
528 1539 649 1606 viae
678 1536 1141 1631 expediuntur.
1174 1539 1382 1626 Vitis,
1419 1539 1603 1632 quod
1639 1540 1884 1608 mirum
1918 1539 2128 1608 videri
2167 1556 2428 1635 potest,

245 1645 313 1711 in
349 1643 717 1740 paludibus
756 1645 1085 1732 nascitur,
1124 1645 1396 1733 crescit,
1432 1658 1500 1714 et
1527 1645 1784 1716 fructus
1814 1645 2228 1718 abundantes
2249 1673 2416 1744 prae·

245 1751 410 1840 bet3
460 1750 579 1820 sed
621 1776 761 1820 non
795 1749 973 1822 ultra
1010 1752 1555 1845 quinquennium.
1601 1751 1817 1820 Hodie
1860 1753 1984 1820 sub
2017 1753 2251 1822 eodem
2295 1780 2416 1824 no·

245 1859 437 1926 mine
478 1859 822 1940 noscitur,
857 1861 1185 1929 Bao-enne
1218 1858 1401 1928 dans
1440 1859 1517 1928 la
1554 1862 1930 1954 Bomagne.
2488 1929 2492 1934 ,

352 1967 709 2036 ΒΕΒΟΝΕΒ
755 1957 877 2052 (B.
927 1966 1012 2034 G.
1045 1964 1154 2033 lib.
1195 1988 1286 2052 11,
1322 1987 1467 2060 cap.
1525 1963 1665 2051 34·
1650 2019 1668 2053 ,
1713 1989 1883 2053 vm,
1932 1959 2094 2053 35).
2135 1965 2264 2050 480
2305 1965 2432 2036 lat:
2501 1987 2505 1992 ·

244 2086 312 2142 et
348 2073 539 2140 inter
572 2068 644 2140 3⁰
674 2087 744 2140 et
774 2069 847 2142 50
874 2097 1015 2141 occ.
1054 2070 1233 2167 long.
1265 2071 1560 2168 Populus
1590 2071 1821 2141 Galliae
1857 2096 2054 2166 quem
2089 2073 2263 2146 inter
2292 2073 2419 2141 Ar·

244 2179 533 2248 moricae
575 2179 886 2248 civitates·
921 2193 1227 2248 recenset
1278 2181 1504 2249 Caesar
1524 2232 1543 2267 ‚
1595 2181 1836 2273 cuique
1878 2180 1948 2246 in
2002 2178 2424 2272 expeditione

243 2285 829 2379 Vercingetorigis
850 2285 1167 2356 adversus
1199 2289 1543 2355 Romanos
1571 2310 1643 2354 v1
1669 2285 1874 2352 millia
1892 2284 2242 2351 hominum
2265 2294 2422 2355 sunt

243 2392 634 2487 imperata3
674 2391 851 2460 unde
896 2416 1034 2459 non
1074 2393 1610 2460 contemnendus
1645 2389 1860 2458 videri
1901 2404 2137 2484 potest.
2179 2392 2420 2460 Confi-

242 2523 367 2568 nes
404 2498 747 2566 habebant
774 2497 861 2566 ad
890 2498 1437 2591 septemtrionem
1468 2497 1911 2580 Ambibaros3
1947 2497 2032 2565 ad
2061 2497 2420 2583 orientem,

243 2604 583 2674 Aulercos
631 2602 1048 2691 Diablintes3
1094 2602 1179 2671 ad
1220 2602 1562 2672 meridiem
1588 2655 1606 2690 ,
1649 2605 2036 2686 Nannetes3
2090 2603 2174 2670 ad
2218 2629 2422 2673 occa-

244 2737 403 2782 sum
427 2761 446 2796 ,
499 2714 793 2780 Venetos
842 2724 911 2779 et
956 2709 1415 2778 Curiosolitas.
1468 2711 1560 2777 Hi
1612 2707 1826 2777 Plinio
1869 2711 1938 2776 in
1980 2707 2416 2802 Lugdunensi

246 2816 481 2888 Gallia
507 2817 853 2902 dicuntur,
888 2831 957 2886 et
982 2841 1024 2884 a
1043 2815 1403 2901 Ptolemaeo
1440 2815 1614 2884 infra
1648 2814 1970 2884 Aulercos
2006 2814 2426 2885 Eburovices

242 2922 428 3019 παρὰ
458 2925 568 2992 τὸν
602 2923 857 3018 Λίγειρα
888 2924 1173 3016 πόταμον
1211 2915 1462 3014 (male,
1490 2923 1616 2992 nisi
1642 2947 1766 3016 pro
1801 2921 2058 3016 Αἴγειρα
2085 2918 2426 3014 legeretur

242 3032 515 3124 Λῖλειρα
544 3025 778 3116 l’Ille)
804 3043 1149 3126 ponuntur
1182 3032 1254 3098 in
1278 3027 1772 3099 Celto-Galatia
1795 3027 2252 3122 Lugdunensi.
2277 3033 2424 3097 Ho-

242 3163 411 3208 rum
456 3137 619 3206 urbs
637 3190 656 3225 ,
700 3136 889 3229 cujus
934 3139 1297 3206 meminere
1344 3137 1773 3205 Itinerarium
1816 3135 2136 3204 Antonini
2172 3148 2241 3202 et
2279 3138 2420 3204 Ta-

241 3244 419 3314 bula
461 3245 974 3338 Peutingeriana
998 3297 1019 3333 ,
1058 3258 1205 3312 erat
1238 3243 1552 3314 Condate
1586 3241 1670 3311 ad
1707 3241 2118 3312 confluentes
2149 3243 2326 3312 Lz‘lae
2352 3257 2423 3311 et

247 3357 327 3422 V
314 3356 655 3422 icitwtzioe
678 3346 798 3438 (de
834 3352 1019 3420 Z’Ille
1053 3366 1121 3419 et
1149 3351 1220 3419 V
1215 3344 1497 3436 ilaine),·
1530 3373 1678 3444 quae
1707 3348 1868 3416 urbs
1905 3362 2136 3443 postea
2169 3372 2420 3418 nomen

244 3456 495 3555 populi
524 3459 804 3553 recepit,
828 3471 897 3526 et
925 3458 1103 3526 dicta
1128 3472 1229 3526 est
1248 3457 1602 3542 Redones,
1634 3455 1834 3524 hodie
1860 3458 2130 3524 Hennes
2154 3479 2240 3524 en
2263 3460 2424 3524 Bre-

244 3583 513 3660 tagne,
556 3555 711 3659 de'p.
752 3564 841 3632 de
881 3564 1065 3633 l’Ille
1102 3579 1170 3631 et
1207 3567 1279 3634 V
1276 3566 1505 3634 clame

368 3673 567 3740 Rem
608 3665 725 3761 (B.
760 3673 847 3739 G.
890 3669 1001 3738 lib.
1038 3693 1091 3738 11
1115 3694 1315 3763 ,.cap
1355 3668 1444 3757 3,
1488 3695 1576 3757 V,
1623 3665 1761 3755 543
1798 3692 1913 3756 vl,
1955 3670 2041 3754 4,
2078 3659 2271 3755 etc..)
2309 3671 2420 3735 In

247 3795 365 3850 ter
398 3774 530 3872 490
565 3791 635 3846 et
666 3773 791 3849 5οο
827 3775 993 3845 latit.
1049 3774 1116 3844 1⁰
1154 3790 1223 3844 et
1266 3773 1339 3845 30
1376 3776 1608 3870 longit.
1645 3778 1830 3844 Gens
1871 3721 2100 3844 Galliae
2138 3772 2422 3868 Belgicae

249 3883 633 3956 secundum
668 3886 999 3954 Caesarem
1038 3883 1496 3977 potentissima
1531 3896 1599 3952 et
1627 3883 1948 3951 Romanis
1984 3880 2422 3968 amicissima,

249 4007 355 4064 ut.
382 4003 572 4086 patet
604 4015 686 4060 ex
727 3992 987 4060 Caesare
1032 3991 1219 4084 ipso,
1255 3988 1295 4056 l.
1332 4013 1415 4075 v,
1455 4015 1514 4058 c.
1561 3985 1696 4074 54ε
1744 3993 1832 4056 Ut
1850 4003 2114 4085 proeter
2146 3986 2426 4056 AEduos

254 4115 335 4168 et
368 4102 643 4181 Remos,
684 4121 858 4192 quos
874 4101 1237 4194 praectpuo
1274 4121 1543 4192 semper
1573 4097 1830 4164 honore
1865 4097 2105 4166 Caesar
2138 4093 2384 4165 habuit
2395 4147 2419 4180 ,

1967 4215 2106 4298 22⁴
