3017 5042
672 411 823 494 368
1574 408 1926 478 INDEX

580 575 621 634 ,·
723 550 727 560 “
778 542 1137 614 Oberlinus
1164 555 1399 612 contra
1434 565 1518 608 ex
1551 540 1960 634 Schoepflino
1985 539 2378 634 Tigurinum
2407 542 2666 636 Pagum
2687 565 2818 612 ma·-

670 650 733 722 le
770 649 950 745 apud
984 651 1381 718 Turicenses
1417 672 1560 718 esse
1595 645 2050 742 quaerendiun.
2092 645 2266 716 Vide
2298 660 2528 717 notam
2557 647 2648 718 ad
2679 673 2816 744 cap.

676 782 801 854 27,
832 755 943 826 lib.
980 781 1040 844 ι,
1077 755 1160 824 de
1192 753 1378 826 Bello
1415 751 1699 824 Gallico.

778 867 1091 932 Tisnnus
1119 855 1233 951 (B.
1266 860 1370 930 Af.
1400 887 1459 930 c.
1506 856 1644 948 36,
1679 859 1812 956 76,
1848 857 2014 949 86).
2051 855 2178 930 35⁰
2207 858 2250 943 ξ
2273 858 2385 929 lat.
2427 859 2548 932 18⁰
2575 857 2624 951 -ζ-
2649 859 2814 956 long.

670 971 805 1040 Seu
854 969 1103 1040 Tisdra
1146 993 1251 1063 ap.
1292 966 1604 1036 eumdem
1627 1019 1648 1054 ‚
1687 965 1904 1038 Plinio
1954 966 2416 1038 Tisdritanum
2459 967 2780 1062 oppidum
2795 1021 2814 1052 ‚

669 1074 904 1146 Tabul.
937 1077 1237 1170 Peuting.
1280 1073 1585 1166 Tinforo.
1619 1073 1804 1143 Urbs
1849 1073 2091 1144 Africae
2127 1075 2416 1169 propriae
2435 1127 2455 1160 ‚
2483 1076 2833 1145 Bizacenae·

669 1181 867 1252 dictae
886 1236 906 1270 ‚
950 1184 1018 1251 in
1062 1206 1195 1276 qua
1226 1193 1456 1251 noster
1488 1194 1796 1250 versatur
1816 1235 1834 1268 ‚
1868 1181 2070 1251 hodie
2101 1182 2174 1249 in
2201 1205 2410 1276 regno
2435 1184 2814 1267 Tunetan03
2894 1231 2899 1241 .

668 1303 983 1358 caeterum
1020 1287 1285 1358 aliunde
1319 1311 1564 1382 parum
1605 1301 1784 1358 nota.

778 1399 1065 1466 Tonosa
1098 1388 1224 1485 (B.
1257 1397 1339 1463 G.
1370 1393 1483 1463 lib.
1524 1418 1606 1464 111
1630 1448 1649 1482 ,
1682 1419 1739 1463 c.
1779 1384 1947 1483 20).
1989 1392 2120 1480 43⁰
2145 1392 2190 1478 ξ-
2215 1392 2326 1463 lat.
2369 1392 2436 1464 1⁰
2471 1417 2618 1462 occ.
2649 1391 2813 1488 long.

668 1504 826 1572 Una
853 1527 890 1570 e
918 1500 1367 1572 celeberrimis
1390 1500 1759 1570 Galliarum
1791 1501 2100 1588 urbibus,
2131 1503 2200 1569 in
2231 1501 2580 1596 provincia
2611 1523 2813 1570 roma·

666 1632 786 1697 na,
820 1610 1155 1702 posterius
1180 1606 1606 1678 Narbonensi
1645 1607 1854 1695 dicta,
1889 1606 2084 1676 simul
2121 1633 2277 1678 cum
2306 1611 2724 1679 Carcassone
2753 1619 2814 1675 et

665 1716 986 1785 Narbona
1032 1739 1077 1792 a
1111 1729 1344 1784 nostro
1383 1729 1770 1785 memorata.
1807 1717 2032 1809 Caput
2060 1729 2205 1785 erat
2231 1713 2682 1802 Tolosatium,
2709 1712 2810 1808 qui

666 1821 863 1891 iidem
910 1836 1066 1892 sunt
1100 1845 1180 1891 ac
1228 1819 1894 1915 Volcae—Tectosages
1933 1816 2137 1911 (vide
2173 1820 2260 1890 ad
2303 1821 2478 1889 hanc
2517 1811 2804 1906 vocem).

668 1928 981 1998 Straboni
1006 1942 1078 1998 et
1104 1928 1314 1999 veteri
1336 1928 1765 2022 inscriptione
1795 1930 2102 1996 Τολώσσα
2119 1979 2139 2014 ,
2165 1925 2528 1998 Ptolemaeo
2558 1929 2808 1994 Τολῶσα

664 2037 821 2103 Κολ.
833 2034 1124 2104 Palladia
1144 2036 1616 2128 cognominata
1629 2058 1670 2102 a
1682 2034 2020 2106 veteribus
2033 2034 2123 2104 ob
2141 2031 2468 2128 templum
2483 2047 2551 2102 et
2565 2032 2806 2102 cultum
2853 2071 2858 2078 ·

664 2142 1021 2228 Minervoe‚
1051 2140 1136 2210 ad
1163 2143 1581 2210 Garumnam
1613 2142 1753 2210 sita.
1784 2142 2035 2210 Auson.
2066 2140 2244 2210 hanc
2271 2141 2484 2209 muris
2508 2137 2808 2210 exlatere

667 2262 861 2316 cocto
881 2247 1168 2342 ingentis
1192 2246 1481 2316 ambitus
1494 2248 1786 2316 cinctam
1807 2249 1900 2316 ita
1917 2247 2261 2334 describit3
2279 2245 2459 2316 Clar.
2473 2246 2640 2316 Urb.
2652 2246 2802 2314 XII:

945 2435 1281 2490 Innumeris
1313 2433 1542 2491 cultam
1572 2434 1814 2510 populis
1847 2434 2103 2492 confinia
2129 2447 2370 2510 propter

950 2529 1249 2607 Ninguida
1273 2533 1533 2608 Pyrenes
1563 2542 1620 2587 et
1649 2530 1824 2606 pinea
1857 2532 2283 2589 Caebennarum
2303 2575 2320 2602 ‚

943 2633 1101 2686 Inter
1136 2629 1469 2704 Aquitanas
1506 2640 1710 2704 gentes
1741 2642 1800 2686 et
1829 2648 2047 2686 nomen
2091 2629 2362 2699 Iberum,

950 2729 1100 2797 Quae'
1121 2725 1305 2783 modo
1338 2725 1760 2804 quadruplices
1787 2746 1858 2782 ex
1886 2744 1946 2783 se
1973 2746 2159 2804 quum
2192 2727 2476 2784 effuderit
2500 2727 2690 2795 urbes,

940 2823 1074 2880 Non
1103 2821 1224 2878 ulla
1249 2815 1544 2879 exhaustae
1576 2822 1756 2879 sentit
1781 2822 2093 2899 dispendia
2116 2823 2311 2898 plebis

944 2922 1114 2990 Quos
1142 2919 1345 3001 genuit
1375 2933 1620 2976 cunctos
1656 2919 1881 2997 gremio
1910 2921 2216 2996 complexa
2243 2919 2507 2978 colonos.

768 3104 1079 3191 Quatuor
1108 3102 1305 3170 urbes
1323 3155 1343 3189 ‚
1370 3100 1476 3170 vel
1505 3116 1795 3196 quatuor
1824 3103 2128 3198 regiones
2155 3102 2397 3173 additae
2413 3103 2606 3191 urbi;
2633 3100 2790 3170 unde

659 3208 838 3279 idem
873 3210 1207 3278 Ausonius
1245 3210 1433 3302 epist.
1474 3208 1559 3276 ad
1593 3206 1942 3279 Paulinum
1977 3208 2289 3280 Tolosam
2325 3208 2784 3304 quintuplicem

660 3328 877 3386 vocat.
904 3317 1069 3383 Erat
1089 3315 1348 3384 Tolosae
1379 3313 1766 3409 capitolium
1781 3369 1802 3402 ,
1823 3317 1921 3383 uti
1947 3317 2313 3404 Narbonae‚
2337 3318 2494 3385 Jovi
2515 3315 2783 3386 dicatum

660 3436 729 3492 et
753 3419 929 3492 celso
960 3422 1029 3489 in
1058 3421 1208 3490 loco
1248 3422 1536 3516 positum
1560 3448 1578 3504 ς
1607 3421 1694 3489 ab
1723 3421 1856 3490 hoc
1886 3422 2196 3517 capitolio
2227 3425 2652 3518 magistratus
2681 3424 2782 3487 Το-

660 3526 815 3598 losae
847 3527 1239 3597 dicebantur
1266 3528 1650 3622 nuperrime
1683 3529 2062 3623 Capitolini
2082 3524 2540 3625 (Capitomlr).
2567 3527 2782 3598 Tolosa

658 3649 813 3704 ante
850 3637 1180 3704 Caesarem
1218 3649 1363 3702 erat
1395 3657 1532 3700 una
1569 3657 1648 3702 ex
1685 3635 1958 3703 urbibus
1997 3635 2178 3705 unde
2213 3639 2458 3730 egressi
2493 3639 2780 3705 Tectosa-

660 3766 805 3836 ges,
834 3740 1031 3811 simul
1063 3764 1219 3810 cum
1244 3739 1616 3810 Senonibus
1643 3738 1916 3834 aliisque
1939 3741 2170 3812 Galliae
2193 3741 2490 3838 populis,
2515 3741 2778 3812 celeber·

656 3849 894 3916 rimam
934 3846 1114 3916 illam
1142 3849 1213 3915 in
1240 3847 1405 3916 orbe
1432 3849 1748 3916 universo
1769 3849 2231 3919 excursionem
2257 3850 2602 3920 fecerunt:
2625 3845 2778 3916 unde

658 3953 831 4024 forte
862 3953 955 4024 illi
996 3954 1291 4024 thesauri
1325 3955 1626 4048 ingentes
1663 3977 1745 4022 ex
1781 3953 2062 4050 Delphis
2095 3955 2298 4026 ablati
2316 4009 2335 4044 ‚
2371 3981 2540 4050 quos
2577 3953 2778 4047 Caepio

659 4061 1119 4131 Romanorum
1156 4061 1293 4132 dux
1310 4113 1331 4148 ‚
1366 4074 1533 4130 teste
1569 4060 1933 4149 Strabone,
1965 4061 2224 4133 Tolosae
2260 4063 2539 4132 invenit.
2571 4059 2691 4130 Sed
2721 4070 2778 4124 et

2938 73 2953 182 *4-
