3017 5042
778 575 1173 663 Marlianus,
1188 598 1399 666 quem·
1410 572 1890 647 eruditissimus
1911 573 2016 640 vir
2041 573 2520 668 Champolssz'on
2546 579 2817 671 Figeac

674 680 1169 752 Uxellodunum
1204 705 1329 774 pro
1376 679 1752 774 Capdenac
1792 679 2266 773 pronunciasse
2306 680 2501 768 dicit,
2534 683 2609 750 vin
2655 683 2812 754 edit.

673 792 1204 882 Jungermanna,
1232 805 1363 879 qua
1394 789 1495 854 usi
1527 792 1754 854 sumus
1775 839 1794 870 ‚
1829 783 2078 857 nullam
2110 785 2246 854 fert
2277 790 2694 859 sententiam.
2725 791 2818 858 At

670 898 708 962 J
712 895 999 988 osephus
1029 892 1319 986 Scaliger
1354 917 1436 961 ex
1464 893 1663 960 Junio
1680 945 1698 976 ,
1727 890 2224 966 Uxellodunum
2259 891 2426 962 nihil
2457 892 2642 962 aliud
2670 919 2814 964 esse

672 1001 937 1087 asserit,
960 1024 1161 1093 quam
1180 998 1438 1082 locum,
1456 1000 1563 1068 cui
1596 1017 1840 1066 nomen
1867 1013 1968 1067 est
1992 1000 2057 1067 le
2067 1022 2228 1093 puy
2242 998 2582 1086 d'Issolu3
2611 1015 2813 1095 atque

673 1114 797 1175 suo
844 1131 1035 1184 more
1081 1105 1512 1200 floccipendit
1559 1129 1674 1173 eos
1729 1105 1844 1197 qui
1896 1103 2100 1172 aliam
2159 1107 2315 1175 huic
2369 1105 2523 1174 urbi
2585 1105 2812 1176 sedem

678 1212 1051 1306 adsignant.
1067 1211 1241 1280 Vide
1268 1235 1416 1305 quae
1436 1223 1590 1306 post
1617 1223 1804 1284 suam
1827 1212 2150 1280 Notitiam
2176 1209 2408 1284 Galliae
2434 1211 2520 1280 de
2543 1213 2656 1282 his
2681 1213 2812 1283 dis-

678 1321 901 1388 cussit.
928 1316 1660 1404 HadrianusValesiuS,
1677 1317 1887 1389 Notit.
1909 1315 2098 1386 Gall,
2119 1342 2182 1412 p.
2209 1342 2293 1388 111
2310 1371 2329 1404 ,
2365 1333 2601 1388 contra
2625 1321 2811 1388 Sam·

676 1445 913 1494 sonum
929 1479 949 1513 ,
982 1425 1099 1518 qui
1140 1449 1265 1519 pro
1300 1425 1569 1493 Divona
1602 1417 1950 1510 (Cabors)
1979 1425 2457 1511 contendebat,
2493 1426 2778 1520 insurgit
2793 1479 2812 1514 ‚

673 1545 745 1599 et
779 1555 932 1599 eum
970 1530 1216 1599 refiita't
1258 1529 1653 1604 firmissimis
1692 1531 2140 1623 >argumentis3
2183 1547 2254 1600 at
2293 1531 2454 1626 quid
2491 1530 2579 1601 de
2611 1532 2810 1602 Uxel·

678 1635 927 1707 loduno
980 1638 1219 1706 sentiat
1271 1639 1413 1732 ipse
1466 1661 1606 1706 non
1653 1637 1884 1730 aperit.
1912 1635 2103 1704 Phil.
2150 1638 2421 1723 Labbe,
2481 1639 2552 1706 in
2593 1639 2812 1708 Pharo

678 1741 946 1832 Galliae,
988 1767 1071 1812 ex
1114 1745 1289 1812 notis
1328 1768 1492 1839 quas
1535 1743 1624 1811 ab
1669 1741 1906 1811 illustri
1952 1743 2098 1818 viro
2141 1745 2568 1836 D'Aymlles
2617 1767 2809 1814 acce-

678 1865 889 1944 perat,
932 1875 1059 1944 pro
1101 1849 1251 1920 loco
1288 1849 1470 1920 dieto
1510 1851 1576 1918 le
1602 1873 1760 1944 puy
1783 1849 2090 1917 d'Issolu
2113 1849 2380 1937 fortiter
2413 1852 2678 1946 pugnat
2697 1905 2716 1939 ‚
2749 1866 2812 1920 et

676 1957 746 2023 in
778 1958 1178 2027 Samsonum
1220 1957 1572 2032 invehitur.
1617 1954 2116 2025 Eruditissimus
2157 1956 2214 2024 d
2215 1957 2508 2026 'Anvdle
2524 2009 2548 2042 ,
2592 1959 2663 2024 in
2699 1981 2810 2028 sua

681 2064 912 2132 notitia
926 2117 947 2149 ‚
982 2063 1433 2131 indubitanter
1460 2077 1662 2130 vocat
1690 2058 2186 2131 Uxellodunum
2222 2064 2288 2130 Ie
2301 2085 2458 2157 puy
2469 2062 2809 2149 d’Issolzc3

682 2169 799 2236 sed
840 2167 1095 2239 levibus
1138 2193 1217 2238 ac
1258 2193 1473 2263 prope
1515 2166 1712 2248 nullis
1753 2167 1992 2236 nititur
2027 2170 2454 2264 argumentis.
2492 2171 2814 2240 Praeterea

684 2275 769 2340 ab
786 2274 1019 2368 hisqui
1038 2300 1162 2368 pro
1186 2276 1251 2343 le
1267 2299 1420 2370 pay
1434 2275 1740 2352 d'Is-solu
1767 2289 2047 2362 certant,
2069 2290 2205 2344 tres
2227 2276 2516 2345 citantur
2539 2275 2812 2362 charta,

686 2379 770 2446 ad
798 2381 1150 2449 Abbatiam
1182 2380 1602 2450 Tutelensem
1631 2383 2068 2476 pertinentes,
2091 2403 2420 2450 annor-um
2445 2383 2550 2476 94
2565 2405 2592 2450 1
2619 2435 2642 2470 ‚
2665 2386 2810 2478 944

676 2499 751 2552 «et
770 2483 923 2580 945
940 2487 1321 2582 ,ubiagitur
1342 2487 1426 2556 de
1452 2487 1634 2575 loco,
1665 2488 1772 2557 cui
1795 2509 2044 2556 nomen
2062 2486 2546 2559 Exessedunum
2569 2489 2642 2556 in
2663 2489 2812 2558 orbe
2945 2567 2951 2578 .

683 2595 1079 2681 Caturcino‚
1114 2596 1183 2661 in
1220 2595 1469 2663 vicaria
1506 2593 1810 2662 Casiliaci
1845 2589 2068 2678 (dans
2101 2595 2182 2661 la
2215 2597 2522 2686 vzgueroe
2561 2594 2654 2664 de
2693 2597 2810 2666 Ca·

688 2698 919 2767 zz'lhac·
949 2724 1037 2768 en
1076 2695 1393 2792 Quat-oy)
1436 2703 1596 2785 si't03
1635 2699 1820 2785 inde,
1857 2721 2068 2792 quum
2109 2701 2298 2767 vicus
2329 2699 2554 2768 dictus
2583 2702 2811 2773 Caza-

685 2804 823 2872 hac
853 2830 893 2872 a
924 2806 1123 2900 podio
1147 2804 1575 2875 Uxelloduno
1611 2829 1744 2872 una
1777 2819 2040 2872 tantum
2071 2820 2142 2874 et
2167 2803 2554 2885 semi-leuca
2587 2806 2813 2891 dis-tet,

683 2909 1023 3004 colligitur
1074 2911 1395 3006 oppidum
1441 2909 1938 2982 Uxellodunum
1991 2912 2062 2977 in
2113 2911 2236 2979 his·
2254 2909 2416 2979 locis
2433 2963 2454 2996 ,
2497 2937 2630 2980 nec
2671 2909 2810 2980 alibi

687 3017 1135 3106 quaerendum·
1167 3042 1329 3089 esse.
1376 3022 1465 3086 Et
1513 3015 1780 3110 quidem
1831 3017 2063 3086 charta
2102 3041 2142 3084 a
2186 3015 2480 3088 Rodulfo
2535 3020 2810 3088 Franco·

692 3129 841 3189 rum
878 3137 946 3190 et
979 3125 1465 3217 Aquitanorum
1500 3147 1680 3217 rege·
1700 3145 2014 3192 concessa
2027 3175 2048 3209 ,
2081 3121 2342 3216 ‘aliquot
2389 3124 2584 3192 annis
2629 3146 2810 3218 supra

692 3232 1071 3302 memoratis
1106 3230 1357 3300 chartis
1393 3227 1760 3322 antiquior,
1791 3229 1862 3302 in
1891 3229 2180 3300 medium
2221 3227 2535 3314 affertur,
2569 3231 2640 3298 in
2667 3251 2810 3324 qua,

694 3349 1047 3430 postquam
1092 3362 1207 3404 rex
1248 3337 1333 3405 'de
1369 3335 1630 3431 praediis
1677 3333 1764 3402 ab
1804 3333 2180 3403 Adhemare
2195 3387 2214 3420 ,
2259 3335 2440 3403 orbis
2483 3334 2808 3405 Catureini

691 3443 935 3511 comite
952 3496 970 3529 ‚
997 3442 1340 3512 monachis
1364 3440 1690 3512 Tullensis
1722 3439 2002 3509 abbatiae
2032 3439 2234 3527 datis,
2261 3437 2527 3509 locutus
2561 3454 2693 3527 est,
2717 3440 2805 3508 iis-

690 3548 849 3617 dem
878 3549 1019 3644 ipse
1042 3549 1387 3618 monachis
1414 3547 1688 3642 podium
1715 3544 2211 3616 Uxellodunum
2237 3547 2684 3634 nominatum,
2709 3545 2805 3614 ubi

691 3657 857 3723 olim
892 3672 1051 3724 erat
1086 3661 1326 3724 civitas
1368 3658 1831 3723 Romanorum
1874 3649 2226 3722 obsisiione
2265 3667 2479 3739 nota,
2529 3650 2808 3721 concedit

697 3785 852 3829 cum
882 3761 1152 3831 castello
1180 3762 1273 3828 ibi
1300 3773 1676 3846 exstruct03
1705 3780 1782 3827 ea
1807 3757 1974 3852 lege,
1999 3773 2078 3828 ut
2099 3757 2443 3834 castellum
2467 3757 2805 3839 diruerent,

699 3867 879 3960 quod
918 3867 1339 3963 praedonibus
1384 3865 1718 3935 interdum
1771 3879 1944 3933 esset
1989 3864 2340 3958 refugium.
2387 3865 2561 3953 Quae
2603 3864 2806 3933 cham

700 3978 927 4068 paucis
970 3975 1221 4045 saeculis
1260 3989 1417 4068 post
1457 3974 1870 4041 eversionem
1903 3969 2308 4039 Uxelloduni
2345 3972 2598 4064 scripta
2616 4022 2635 4057 ‚
2683 3964 2807 4037 nul-

706 4081 839 4150 lum
870 4082 1072 4150 dubio
1103 4082 1324 4151 locum
1353 4079 1783 4172 relinqueret,
1806 4079 1933 4146 *nisi
1963 4076 2328 4146 admodum·
2353 4074 2500 4144 falsi
2529 4085 2810 4169 suspecta

2606 4335 2683 4464 1
