3017 5042
669 442 817 515 338
1569 445 1932 514 INDEX

664 581 751 649 lia
771 634 790 669 ,
825 605 970 674 quae
1013 579 1216 647 habet
1248 578 1569 646 terminos
1608 577 1695 646 ad
1730 576 2273 671 septemtrionem
2310 601 2495 646 mare
2532 580 2828 650 Hadria-

663 689 868 756 ticum
895 714 914 775 ;
965 685 1050 755 ad
1089 687 1411 754 orientem
1450 684 1838 769 Samnium3
1882 683 1968 751 ad
2000 683 2346 752 meridiem
2381 687 2827 779 Apenninum

663 809 730 864 et
754 795 1106 862 Umbriam
1132 819 1152 880 3
1183 793 1266 861 ad
1295 814 1610 861 occasum
1637 790 2007 859 Umbriam.
2046 819 2081 854 «
2108 791 2363 878 Piceni,
2399 792 2617 886 inquit
2645 796 2829 864 Stra-

659 901 789 990 bo,
823 900 934 969 lib.
967 921 1034 989 v,
1069 924 1135 993 p.
1183 902 1372 984 240,
1403 922 1484 964 ex
1520 921 1684 991 agro
1722 897 1969 965 Sabino
1999 898 2066 964 in
2110 921 2189 965 ea
2214 887 2362 966 loca
2397 900 2825 993 migrarunt,

562 1069 568 1074 ,
661 1010 820 1078 Pico
857 1033 982 1078 ave
1023 1009 1149 1076 iter
1181 1003 1569 1074 ductoribus
1602 1017 2015 1072 monstrante
2034 1057 2053 1090 ,
2087 1003 2267 1072 unde
2300 1029 2548 1073 nomen
2584 1011 2821 1100 genti:

657 1141 852 1185 avem
888 1115 1064 1184 hanc
1106 1113 1314 1182 Marti
1363 1133 1622 1180 sacram
1667 1124 1956 1179 censent.
2010 1109 2327 1179 Incolunt
2372 1136 2414 1180 a
2466 1113 2821 1184 montibus

657 1221 1000 1318 planitiem
1024 1243 1256 1288 versus
1287 1231 1356 1286 et
1386 1240 1571 1286 mare
1598 1242 1618 1305 3
1658 1230 1890 1310 estque
1926 1241 2160 1286 eorum
2206 1221 2389 1312 regio
2422 1219 2492 1287 in
2526 1217 2816 1314 longum

655 1354 857 1424 quam
902 1327 1111 1397 latum
1153 1325 1527 1420 porrectior
1546 1377 1565 1410 ,
1608 1322 1694 1391 ad
1741 1349 1973 1392 omnes
2016 1325 2169 1392 vitae
2208 1348 2367 1394 usus
2409 1327 2816 1415 commoda,

653 1437 973 1507 arborum
1019 1448 1247 1502 tamen
1283 1430 1609 1499 fructibus
1652 1453 1855 1524 quam
1896 1430 2236 1499 frumento
2275 1434 2728 1525 praestantior.
2774 1465 2809 1500 >›

649 1545 1009 1636 Praecipuae
1043 1541 1272 1609 Piceni
1315 1539 1458 1631 agri
1490 1536 1693 1604 urbes
1734 1549 1890 1604 sunt
1918 1539 2261 1622 Ancona,
2307 1537 2469 1606 urbs
2506 1563 2735 1632 graeca
2776 1567 2813 1610 a

645 1650 1074 1746 Syracusanis
1118 1646 1384 1715 condita
1406 1697 1424 1732 ,
1469 1645 1583 1736 qui
1626 1643 1929 1736 Dionysii
1977 1644 2394 1733 tyrannidem
2438 1644 2766 1742 fugerant
2793 1677 2833 1717 :.

647 1773 968 1854 praeterea
998 1755 1400 1838 Auximum‘,
1431 1751 1670 1817 Ricina
1689 1803 1708 1836 ,
1737 1751 2035 1818 Firmum
2070 1747 2390 1818 Asculum
2425 1765 2493 1820 et
2528 1753 2805 1823 Hadria.

643 1867 964 1934 Picenum
998 1885 1038 1928 a
1070 1856 1535 1954 Longobardis
1569 1856 1823 1924 dictum
1862 1857 2165 1924 Marc-ha
2194 1859 2693 1946 Ancom'tana,
2736 1864 2807 1930 la

647 1973 942 2043 Anarche
979 1962 1350 2038 d'Ancdne
1368 2019 1389 2051 ‚
1440 1978 1507 2032 et
1550 1977 1649 2032 est
1690 1962 1903 2031 Plinio
1946 1965 2176 2057 quinta
2214 1965 2397 2058 regio
2438 1963 2668 2034 Italiae.

754 2081 1108 2148 PICTONES
1145 2065 1275 2161 (B.
1311 2075 1394 2141 G.
1426 2069 1536 2138 lib.
1580 2093 1675 2156 11,
1714 2094 1857 2165 cap.
1909 2093 1999 2154 113
2040 2093 2211 2156 v111,
2260 2074 2351 2158 4,
2411 2067 2548 2167 75,
2600 2068 2797 2165 εἴα).

646 2190 834 2255 Inter
872 2181 1000 2267 460
1039 2194 1106 2247 et
1145 2177 1274 2273 47ο
1312 2176 1474 2244 latit.
1520 2174 1587 2244 1⁰
1624 2190 1694 2243 et
1726 2175 1801 2260 4ο
1833 2175 2010 2271 long.
2051 2175 2345 2270 Populus
2383 2182 2798 2274 temporibus

644 2289 802 2359 Julii
855 2287 1134 2358 Caesaris
1204 2283 1452 2354 celticae
1501 2281 1736 2351 Galliae
1790 2283 2250 2352 attribuendus
2292 2309 2306 2351 :
2358 2287 2793 2379 postmodum

645 2413 867 2465 autem
895 2391 1241 2478 Straboni,
1268 2388 1487 2458 Plinio
1514 2404 1582 2457 et
1605 2387 1963 2458 Ptolemaeo
1981 2392 2156 2458 inter
2176 2392 2550 2483 Aquitaniae
2578 2419 2793 2489 popu-

643 2502 743 2572 los
771 2501 1151 2571 recensitus.
1189 2497 1459 2566 Habent
1485 2497 1795 2566 Pictones
1833 2496 1918 2565 ad
1948 2511 2285 2591 septemtr.
2305 2549 2324 2584 ,
2352 2500 2731 2590 Nannetes,
2752 2528 2789 2571 a

644 2610 883 2704 quibus
919 2607 1144 2701 Ligeri
1178 2604 1450 2674 flumine
1487 2618 1918 2698 separantur-3
1960 2604 2045 2672 ad
2076 2606 2400 2673 orientem
2432 2608 2788 2702 Bituriges3

644 2717 729 2786 ad
770 2714 1113 2786 meridiem
1159 2711 1551 2780 Lemovices
1604 2724 1673 2777 et
1710 2711 2077 2798 Santones3
2113 2710 2200 2779 ad
2234 2736 2546 2782 occasum
2585 2739 2782 2784 mare.

643 2825 884 2918 Capita
923 2821 1057 2889 duo
1095 2817 1460 2888 secundum
1496 2814 1773 2884 Ptolem.
1813 2816 2147 2886 habebant
2175 2820 2683 2912 Augustoritum
2722 2837 2786 2892 et

646 2932 1008 2998 Limonum
1049 2919 1188 3016 (de
1223 2925 1659 3017 Augustorito
1699 2922 1853 2990 vide
1898 2947 2099 3018 supra
2144 2924 2228 2993 ad
2273 2949 2508 2994 vocem
2546 2930 2780 2998 Lemo·

647 3027 877 3121 vices)
913 3059 928 3100 :
972 3030 1400 3100 nihilominus
1448 3030 1851 3099 recentiores
1904 3031 2412 3126 Augustoritum
2474 3036 2776 3104 Lemovi-

649 3129 804 3212 cum
833 3164 974 3208 esse
991 3193 1010 3226 ,
1039 3163 1178 3206 non
1204 3139 1567 3207 Pictonum
1596 3136 2031 3205 contendunt.
2062 3138 2419 3206 Limonum
2450 3140 2611 3209 urbs
2646 3167 2777 3236 pos-

649 3249 854 3316 terius
897 3243 1127 3340 populi
1164 3269 1408 3312 nomen
1447 3244 1739 3337 recepit,
1785 3257 1853 3310 et
1888 3242 2067 3313 dicta
2113 3258 2213 3313 est
2252 3249 2563 3334 Pictavi,
2606 3273 2773 3317 nunc

645 3359 942 3425 Poz'tiers
952 3405 974 3438 ,
1018 3343 1173 3446 ἀέρι
1216 3351 1304 3419 de
1339 3352 1414 3419 la
1453 3352 1531 3418 V
1522 3356 1738 3418 e‘enne.
1772 3351 1984 3419 Erant
2012 3351 2091 3419 iis
2144 3349 2287 3421 aliae
2331 3353 2532 3423 urbes
2550 3407 2571 3441 ,
2614 3357 2771 3424 inter

643 3485 807 3556 quas
851 3464 1207 3530 Ratiatum
1228 3511 1250 3542 ,
1300 3455 1498 3524 hodie
1544 3459 1718 3526 Retz
1741 3507 1764 3541 ,
1814 3470 1883 3525 et
1918 3459 2380 3552 Aget-matum
2396 3513 2421 3547 ‚
2462 3463 2762 3531 Athenai.

640 3571 798 3638 Non
828 3563 1354 3637 contemnendus
1383 3576 1561 3630 certe
1580 3559 1901 3657 populus,
1920 3577 1989 3631 et
2014 3565 2188 3632 inter
2214 3564 2763 3659 frequentissimos

640 3673 1092 3744 numerandus
1112 3725 1132 3758 ,
1186 3671 1432 3764 quippe
1476 3669 1585 3737 cui
1627 3670 1698 3736 in
1746 3669 2161 3764 expeditione
2209 3673 2763 3769 Vercingetorigis

639 3782 958 3851 adversus
1006 3780 1347 3846 Romanos
1393 3777 1566 3846 VIII
1614 3773 1771 3843 mill.
1822 3775 2170 3846 hominum
2216 3794 2372 3848 sunt
2408 3781 2755 3875 imperata:

639 3887 816 3956 unde
855 3883 1210 3954 multitudo
1246 3883 1594 3952 hominum
1624 3882 1716 3950 ibi
1750 3882 2193 3953 habitantium
2216 3885 2502 3979 judicari
2537 3899 2753 3981 potest.

745 3997 1064 4063 Pmusm
1102 3983 1214 4079 (B.
1247 3992 1331 4060 G.
1365 3988 1476 4058 lib.
1515 4013 1599 4074 v,
1640 4012 1784 4083 cap.
1830 4014 1856 4058 1
1890 3981 1937 4078 ).
1970 3993 2153 4060 Gens
2190 3991 2541 4062 dalmatica
2573 4015 2753 4087 quam

637 4097 1070 4188 PtolemaeuS,
1108 4096 1218 4167 lib.
1253 4121 1343 4186 11,
1368 4121 1510 4190 cap.
1560 4120 1584 4165 1
1604 4119 1675 4192 7,
1709 4103 1915 4166 vocat*
1946 4100 2293 4193 Πιροῦστας
2316 4127 2335 4184 3
2358 4100 2629 4187 Strabo,
2652 4097 2745 4166 lib.
