3017 5042
805 486 1675 557 GEOGRAPHICUS.
2166 490 2307 579 341

197 642 327 687 mer
363 621 717 703 Braecata,
766 640 852 684 en
893 609 1106 685 me‘mc
1154 634 1372 713 temps
1413 644 1547 713 que
1594 622 1658 687 le
1701 644 1859 689 nom
1904 622 1993 691 de
2037 626 2322 693 Comata

196 717 357 793 έῐαίί
381 714 669 793 dunne'
635 747 684 790 a
721 724 798 791 Za
841 725 1187 817 Celtiquc,
1215 748 1440 820 parce
1472 750 1606 820 que
1642 726 1741 795 les
1760 731 2055 824 penples
2065 756 2131 824 y
2147 756 2319 827 por-

196 836 394 899 taienl
430 832 504 900 la
538 830 884 900 clzevelnre
925 830 1108 899 dans
1148 847 1336 900 toute
1369 856 1456 900 sa
1495 834 1842 927 longueur.
1872 864 1907 899 >³

295 921 736 1005 Eruditissime
773 951 996 1005 tamen
1039 938 1284 1031 probat
1323 941 1416 1007 D.
1472 938 1561 1007 de
1600 941 2021 1033 Mandasbrs
2063 938 2109 1029 (
2129 946 2326 1015 Nou-

195 1046 380 1114 velles
401 1034 831 1113 de'couvertes
855 1068 975 1111 sut·
995 1045 1047 1113 l'
1047 1035 1201 1113 e'tat
1220 1044 1308 1113 de
1334 1047 1386 1113 l’
1385 1052 1721 1115 ancienne
1744 1050 1969 1117 Gazcle
1989 1048 2086 1117 dn
2108 1065 2326 1145 temps

193 1152 274 1221 de
302 1152 478 1219 Jules
519 1142 784 1271 Ce'sar,
820 1154 1066 1239 Par-zze,
1109 1150 1346 1247 1696,
1383 1154 1489 1219 in-
1506 1177 1592 1221 12
1617 1178 1822 1249 ,pag.
1864 1179 1960 1251 92
2004 1170 2072 1225 et
2099 1149 2325 1251 seqq.)

191 1268 435 1355 partem
459 1258 746 1351 regionis
765 1282 803 1325 a
822 1272 1050 1327 monte
1069 1258 1390 1327 Gebenna
1416 1284 1627 1353 usque
1646 1260 1731 1328 ad
1753 1286 1937 1329 mare
1962 1263 2326 1331 secundum

191 1368 394 1459 ripam
430 1364 742 1432 Rhodani
779 1389 848 1433 se
884 1364 1426 1459 protendentem3
1463 1365 1713 1436 seilicet
1749 1368 2328 1459 Arecomicorum,

193 1469 545 1541 Volcarum
574 1472 872 1540 civitates
890 1524 909 1559 ,
939 1472 1492 1541 Nemausensium
1510 1525 1529 1559 ,
1567 1471 1975 1543 Aletensium
2011 1490 2079 1543 et
2109 1477 2329 1545 U'seti-

192 1578 478 1648 censium
511 1577 812 1645 nondum
841 1578 1254 1671 temporibus
1284 1580 1563 1647 Caesaris
1590 1580 1961 1651 Provinciae
1986 1582 2186 1651 fuisse
2216 1582 2330 1651 ad-

184 1686 510 1777 junctam,
541 1698 774 1779 utpote
800 1685 914 1778 qui
945 1682 1176 1780 populi
1213 1700 1404 1753 erant
1434 1684 1648 1755 solum
1677 1688 1874 1755 amici
1906 1703 1974 1756 et
2002 1691 2165 1757 socii
2190 1692 2331 1758 Ro-

191 1792 437 1878 maniS,
483 1790 783 1885 solasque
827 1792 1124 1860 civitates
1161 1784 2101 1887 Volcarum-Tectosagarum
2125 1847 2143 1881 ,
2192 1794 2331 1864 scil.

187 1897 570 1969 Narbonem
588 1951 608 1984 ,
647 1901 1124 1969 carcassonem
1149 1949 1168 1982 ‚
1215 1898 1301 1966 ad
1335 1900 1754 1968 Provinciam
1809 1914 1970 1969 tunc
2016 1904 2334 1995 temporis

187 2005 601 2099 pertinuisse.
657 2008 760 2073 Ita
811 2003 1104 2073 collectis
1154 2006 1464 2073 omnibus
1493 2059 1510 2091 ,
1568 2009 1935 2076 Provincia
1956 2062 1979 2095 ,
2032 2021 2335 2103 tempore

184 2116 242 2180 J.
277 2112 586 2197 Caesaris,
625 2134 703 2178 ea
739 2126 884 2179 erat
917 2135 1065 2205 quae
1095 2112 1496 2207 jampridem
1538 2114 1608 2179 in
1644 2114 2101 2181 Romanorum
2139 2127 2337 2207 pote-

187 2232 358 2287 state
390 2241 429 2284 a
453 2218 758 2304 Geneva,
787 2217 1174 2287 Narbonem
1209 2244 1420 2312 usque
1450 2220 1846 2314 pertineret,
1877 2210 2337 2314 Pyrenaeisque

185 2323 530 2392 montibus
564 2322 1006 2411 clauderetur,
1037 2340 1315 2420 excepta
1342 2340 1569 2423 parte,
1594 2340 1671 2395 ut
1701 2350 1902 2420 supra
1929 2327 2185 2396 dictum
2208 2341 2338 2415 est,
2398 2416 2400 2418 ι

183 2428 556 2507 Volcarum
589 2430 1156 2497 Arecomicorum.

295 2538 402 2603 Ita
431 2534 536 2603 his
572 2535 984 2629 temporibus
1019 2536 1373 2603 Provincia
1415 2560 1697 2604 romana
1732 2537 2342 2632 comprehendebat

181 2642 642 2711 Viennensem
695 2655 763 2709 et
801 2641 1310 2712 Narbonensem
1359 2666 1504 2735 quae
1554 2643 1625 2709 in
1682 2641 1849 2711 duas
1908 2644 2341 2736 postmodum

179 2749 321 2818 fuit
345 2762 567 2843 partes
595 2746 979 2835 distributa3
999 2745 1133 2816 scil.
1153 2748 1223 2815 in
1241 2748 1749 2817 Narbonensem
1773 2750 2057 2842 primam
2084 2766 2151 2818 et
2167 2752 2341 2819 Nar-

174 2856 558 2924 bonensem
599 2853 980 2924 secundam.
1027 2856 1187 2922 Pars
1235 2868 1460 2923 autem
1500 2855 1901 2941 Provinciae,
1933 2866 2081 2948 quae
2126 2881 2343 2951 nuper

172 2966 542 3032 Provcnce
569 2962 960 3048 vocabatur,
976 2974 1236 3055 partem
1266 2975 1530 3028 tantum
1559 2962 1799 3055 prioris
1825 2960 2197 3049 obtinebat,
2218 2988 2343 3033 nec

172 3082 375 3139 certe
396 3068 759 3138 dimidiam.
779 3069 1146 3137 Provinciae
1168 3092 1460 3136 romanae
1483 3065 1893 3160 respondent
1912 3070 2208 3137 Franciae
2232 3088 2346 3139 no-

170 3190 347 3246 strae
360 3190 585 3270 partes
598 3200 764 3270 quas
780 3199 1098 3243 vocamus
1111 3165 1621 3269 de'partements
1633 3172 1757 3241 des
1769 3165 2113 3267 Pytc'ne'es
2124 3181 2345 3245 orien-

169 3285 408 3368 taZeS,
437 3282 526 3350 de
543 3277 887 3376 Z'Arriege
899 3335 922 3368 ,
949 3281 1037 3350 de
1059 3279 1320 3350 l’Azcdc
1331 3334 1354 3367 ,
1387 3280 1475 3348 de
1496 3280 1573 3348 la
1596 3283 1834 3348 Haute
1864 3283 2222 3367 Garonne,
2244 3280 2347 3353 ‘dn

179 3393 396 3459 Tar-n
420 3380 584 3476 (non
603 3380 936 3475 omnino),
953 3388 1041 3457 dc
1081 3379 1464 3473 l’He'ranlt,
1494 3386 1589 3455 du
1617 3386 1836 3472 Gard,
1860 3387 1948 3456 de
1968 3391 2045 3457 V
2034 3390 2339 3475 auclase,

165 3496 312 3565 des
349 3496 667 3565 Bouches
697 3494 794 3563 dn
819 3490 1058 3564 Rho⁴ne
1071 3547 1095 3580 ,
1132 3492 1226 3563 du
1263 3497 1334 3563 V
1331 3518 1419 3562 ar
1428 3547 1451 3580 ,
1495 3493 1619 3562 des
1648 3498 1907 3562 Basses
1928 3496 2185 3591 Alpes,
2226 3495 2351 3564 des

163 3606 478 3672 Hautes
503 3603 765 3697 Αζρεε,
805 3600 906 3669 de'
926 3603 1001 3670 la
1034 3596 1326 3687 Drdme,
1364 3601 1452 3669 de
1488 3594 1729 3669 l’Isere
1760 3616 1831 3668 et
1857 3599 1945 3669 de
1980 3602 2200 3670 l’Ain.

291 3710 720 3778 Pronnmis
757 3700 872 3797 (B.
908 3710 984 3777 C.
1024 3705 1134 3775 lib.
1174 3730 1291 3794 111,
1331 3731 1492 3801 cap„
1528 3702 1669 3776 105
1692 3701 1739 3795 ).
1791 3703 1918 3775 32⁰
1944 3702 1987 3793 ξ
2013 3705 2175 3775 latit.
2223 3706 2351 3778 33⁶

161 3815 379 3909 long.
433 3815 614 3883 Urbs
657 3814 992 3883 maritima
1025 3814 1379 3882 Phoeniciae
1417 3835 1458 3880 a
1496 3811 1856 3881 Ptolemaeo
1891 3814 2160 3907 AEgypti
2194 3840 2351 3909 rege

161 3921 508 4008 condita,
551 3936 746 3991 antea
776 3921 1077 4003 Ancon,
1119 3944 1236 3989 seu
1276 3922 1470 3989 Acce
1505 3918 1721 4007 dicta,
1761 3934 1830 3987 et
1868 3934 2011 3987 erat
2055 3936 2353 4016 recepta-

158 4028 432 4099 culum
472 4030 820 4097 Persarum
856 4027 1172 4096 adversus
1210 4028 1578 4121 AEgyptiOS.
1626 4023 1976 4095 Coloniam
2016 4030 2275 4122 accepit
2316 4055 2355 4098 a

157 4134 537 4219 Claudio,
576 4149 744 4204 teste
765 4133 1031 4222 Plinio,
1072 4133 1112 4202 l.
1147 4156 1222 4221 v,
1265 4158 1322 4201 c.
1387 4157 1514 4226 19,
1556 4130 1845 4202 Colonia
1887 4133 2163 4204 Claudii
2198 4138 2355 4208 Coe-

1903 4250 2035 4332 223
