3017 5042
803 456 2376 483 mmmmmmmmmmm

505 652 1891 760 SUPPLEMENTUM
1992 657 2085 784 Ι,

219 911 313 977 IN
371 907 865 974 AUCTOREM
922 908 1149 972 LIBRI
1196 907 1318 972 ,DE
1375 895 1654 973 BELLO
1712 909 2353 980 ALEXANDRINO

353 1137 556 1184 vim:
599 1134 936 1183 nosram
981 1135 1414 1182 Enrrioius
1456 1136 1652 1183 rom.
1700 1138 1799 1202 11,
1845 1139 2026 1186 PAG.
2080 1114 2252 1214 357.

855 1371 1753 1405 w

229 1567 558 1694 Immo,
591 1602 773 1700 quod
805 1603 954 1673 loco
993 1628 1193 1698 supra
1236 1604 1438 1674 citato
1473 1603 1759 1676 diximus
1798 1631 1813 1674 τ
1866 1637 1901 1672 (ι
1940 1611 2190 1679 Praeter
2230 1609 2378 1706 styli

229 1715 657 1812 asperitatem
691 1765 710 1798 ,
776 1735 925 1804 quae
957 1705 1170 1779 'nullo
1230 1710 1434 1779 modo
1499 1713 1892 1806 scriptorem
1957 1717 2192 1810 optimi
2254 1721 2379 1788 aevi

232 1823 436 1918 sapit,
491 1817 716 1888 multis
756 1820 824 1885 in
874 1817 1071 1905 locis,
1109 1841 1188 1885 ac
1239 1819 1608 1910 praeser'tim
1658 1820 1727 1886 in
1778 1821 2103 1913 capitibus
2153 1826 2323 1893 XVI
2358 1879 2377 1908 ‚

231 1929 470 2013 XXV,
499 1927 704 1994 XXX
730 1979 751 2012 ,
771 1925 934 2011 XL,
967 1924 1234 2009 XLVI,
1271 1925 1614 2012 LXXIII,
1642 1939 1803 2011 etc.‚
1836 1926 2159 1995 nonnulla
2198 1930 2377 2025 apud

233 2037 630 2129 scriptorem
661 2028 1254 2124 deprehenduntur
1271 2079 1288 2113 ,
1305 2054 1452 2124 quae
1483 2031 1878 2130 imperitiam
1903 2033 2379 2126 ignorantiam-

231 2167 363 2236 que
381 2139 482 2208 rei
497 2129 796 2206 militaris
820 2135 1144 2220 indicant3
1169 2150 1235 2204 et
1249 2161 1396 2230 quae
1407 2138 1685 2207 Caesaris
1708 2140 2020 2208 comitem
2044 2141 2383 2210 assiduum

236 2249 304 2315 in
331 2247 468 2316 suis
497 2242 1028 2337 expeditionibus
1045 2297 1066 2330 ,
1090 2267 1355 2312 necnon
1386 2243 1729 2312 consulem
1754 2296 1773 2332 ,
1807 2246 1970 2340 quin
2002 2261 2069 2316 et
2096 2249 2380 2343 impera·

240 2367 458 2421 torem
493 2351 606 2444 qui
635 2351 774 2444 ipse
801 2349 1197 2418 exercitibus
1229 2347 1527 2443 praefuit,
1551 2351 1821 2419 minime
1854 2351 2111 2421 decent.
2141 2383 2177 2418 »
2212 2357 2380 2425 Pro-

240 2461 532 2555 positum
569 2456 699 2524 hoc
736 2470 1040 2524 nostrum
1081 2457 1492 2550 argumentis
1520 2456 1777 2552 abipso
1814 2461 2033 2552 operis
2068 2475 2384 2532 contextu

246 2566 470 2660 petitis
502 2560 1036 2630 confirmandum
1071 2575 1401 2656 putamus.
2053 2585 2061 2592 ·

355 2674 463 2739 De
478 2666 625 2762 styli
656 2667 1196 2763 asperitatetjam
1219 2681 1375 2736 ante
1403 2693 1526 2737 nos
1544 2721 1565 2755 ,
1593 2669 1785 2738 multi
1814 2686 2200 2765 praestantes
2228 2673 2387 2744 doc·

246 2780 423 2847 trina
437 2776 563 2844 viri
579 2829 599 2862 ,
616 2776 965 2844 innumera
995 2772 1235 2848 menda
1266 2775 1725 2867 signaverunt,
1740 2790 1806 2844 et
1826 2775 2141 2848 barbaras
2161 2803 2390 2868 voceS,

250 2900 396 2953 tum
430 2885 498 2950 in
528 2881 659 2950 hoc
684 2879 888 2969 bello,
919 2896 1062 2949 tum
1087 2881 1155 2948 in
1177 2878 1496 2949 Africano
1514 2935 1533 2968 ,
1562 2895 1631 2949 et
1651 2883 2111 2977 Hispaniensi,
2134 2883 2291 2954 hinc
2324 2901 2390 2954 et

251 2989 406 3059 inde
445 3012 734 3083 ερατ-335,
767 3011 922 3082 ‘quae
951 2989 1011 3076 ἡ
1046 3012 1185 3058 non
1220 2988 1495 3056 omnino
1528 2990 2026 3082 supposititium
2048 3005 2392 3062 auctorem

255 3110 547 3192 arguunt
575 3147 595 3182 ,
643 3091 874 3164 saltem
905 3149 924 3182 ,
971 3110 1048 3163 ut
1113 3093 1258 3162 vult
1317 3092 1701 3164 Dodwellus
1750 3097 1818 3164 in
1877 3094 2392 3178 luculentissima

258 3228 374 3273 sua
417 3201 880 3270 dissertatione
917 3192 1129 3288 (Vide
1178 3213 1420 3269 nostrae
1463 3199 1772 3270 editionis
1808 3203 1883 3270 T.
1917 3205 1985 3289 I,
2020 3229 2083 3298 p.
2135 3201 2284 3274 308
2329 3220 2397 3274 et

258 3335 433 3404 seqq.
447 3301 498 3399 ),
542 3307 751 3375 infimi
794 3308 917 3376 aevi
951 3305 1493 3401 interpolatorem
1514 3361 1535 3394 ,
1571 3309 1799 3402 ipsum·
1835 3308 2112 3377 fortasse
2148 3310 2395 3381 Iulium

260 3416 564 3501 Celsum,
607 3413 928 3508 detegunt
962 3438 977 3481 ε
1015 3428 1082 3482 et
1116 3437 1238 3482 nos
1257 3467 1277 3502 ,
1314 3414 1382 3480 in
1417 3415 1591 3484 notis
1630 3416 1873 3483 nostris
1908 3414 2139 3483 eadem
2182 3419 2400 3512 exagi-

263 3524 569 3590 tavimuS.
602 3522 1034 3616 Quapropter
1068 3519 1151 3588 de
1181 3543 1257 3587 ea
1276 3545 1348 3588 re
1389 3518 1555 3587 nihil
1591 3519 1723 3589 hoc
1756 3519 1904 3589 loco
1935 3521 2396 3611 discutiemus;

265 3643 362 3716 et,
386 3628 704 3722 quoniam
731 3626 952 3695 Editio
953 3640 1206 3748 (nostra
1232 3627 1562 3720 praecipue
1588 3625 1674 3693 ad
1701 3651 1843 3696 rem
1874 3627 2225 3699 militarem
2251 3656 2398 3724 per-

263 3737 462 3822 tinet,
500 3735 568 3801 in
612 3732 724 3824 his,
745 3734 1107 3826 praesertim
1141 3757 1286 3825 quae
1321 3732 1408 3800 ad
1445 3732 1894 3825 expeditiones
1932 3737 2212 3804 Caesaris
2247 3761 2401 3806 nos.-

265 3843 356 3908 tri
388 3852 726 3936 spectant,
771 3839 1356 3908 commorabimur.

375 3949 464 4046 Et
509 3947 828 4041 primum,
870 3948 941 4013 B.
980 3944 1081 4014 Al.
1125 3969 1180 4014 c.
1231 3947 1434 4050 XVI,
1464 3945 1744 4016 dicitur:
1800 3974 1835 4010 «
1863 3946 2141 4017 Minime
2182 3962 2403 4025 autem
