3017 5042
598 411 742 507 392
1486 409 1846 476 INDEX

593 545 1016 640 reperiuntur
1052 542 1118 610 in
1154 541 1415 637 oppidis
1452 542 1810 629 veteribus,
1839 565 1987 634 quae
2012 555 2290 635 propter
2319 543 2521 613 situm
2555 565 2758 612 suum

594 651 882 720 Romani
911 649 996 718 ad
1028 649 1464 719 continendos
1503 649 1574 716 in
1611 647 1931 741 obsequio
1964 645 2252 742 populos
2297 651 2755 719 muniverunt.

582 759 751 848 ¹Non
795 758 1031 852 viginti
1070 754 1248 825 ultra
1276 754 1499 826 leucas
1528 753 1834 848 procedit
1865 778 1987 847 per
2018 752 2270 823 Gallias
2285 755 2556 842 viator,
2593 759 2758 850 quin
2790 771 2809 806 e

591 866 655 932 ei
692 877 1053 932 occurrant
1094 861 1329 932 similia
1364 875 1818 931 monumenta.
1859 858 2131 930 Vallum
2169 859 2506 930 detectum
2536 864 2760 956 potuit

596 985 665 1039 et
707 970 937 1039 debuit
974 970 1251 1063 reperiri
1286 970 1356 1037 in
1394 993 1473 1037 eo
1505 966 1656 1036 loco
1683 967 1800 1035 ubi
1826 987 2018 1036 nunc
2041 980 2177 1054 est,
2215 966 2500 1056 scilicet,
2537 969 2629 1037 ad
2658 971 2756 1037 in-

596 1102 897 1172 gressum
941 1076 1189 1145 isthmi.
1236 1077 1439 1144 Porta
1475 1088 1577 1146 est
1619 1074 1992 1143 communis
2033 1075 2217 1142 omni
2252 1074 2402 1142 urbi
2440 1077 2758 1160 munitae,

596 1185 667 1251 in
688 1207 1125 1280 ⁸quacumque
1168 1183 1441 1275 regione
1486 1181 1611 1250 sita
1655 1182 1759 1250 sit.
1806 1183 1986 1250 Vasa
2037 1193 2106 1248 et
2148 1181 2556 1250 numismata
2597 1183 2756 1252 item

600 1287 982 1359 communia
1009 1303 1166 1357 sunt
1191 1289 1375 1357 omni
1396 1286 1580 1376 loco,
1609 1287 1724 1356 ubi
1755 1287 2044 1370 Romani
2069 1287 2314 1355 morati
2337 1300 2512 1356 sunt.
2543 1291 2655 1357 An
2679 1313 2757 1357 ex

600 1422 683 1466 eo
722 1394 907 1490 quod
947 1383 1233 1465 Romani
1268 1394 1453 1464 urbis
1481 1393 1863 1488 Capdenaci
1908 1393 2110 1462 situm
2147 1393 2233 1460 ad
2273 1393 2756 1464 continendum

600 1502 983 1596 praesidium
1022 1515 1254 1596 aptum
1298 1514 1725 1595 repererunt,
1767 1499 1920 1568 inde
1949 1501 2249 1594 sequitur
2277 1499 2756 1594 Capdenacum

602 1633 747 1678 esse
774 1606 1293 1677 Uxellodunum.
1338 1606 1530 1676 Idem
1566 1609 1650 1676 sit
1681 1606 1764 1676 de
1797 1607 2290 1701 angustissimis
2317 1607 2571 1676 semitis
2597 1632 2758 1702 quas

606 1702 878 1784 criticus
919 1729 1148 1784 noster
1186 1714 1353 1810 vidit
1395 1715 1464 1782 in
1504 1739 1672 1808 rupe
1700 1712 2114 1807 Capdenaci,
2150 1712 2235 1781 de
2267 1713 2662 1808 aggeribus,
2696 1729 2760 1782 et

570 1871 577 1877 -
608 1807 1175 1908 excavationibuS,
1194 1819 1433 1890 etlocis
1450 1821 1775 1914 abruptiS‚
1791 1820 1907 1888 ubi
1925 1820 2300 1913 sagittarios
2316 1819 2496 1890 locat
2518 1820 2606 1889 ad
2617 1846 2760 1916 pro·

608 1928 935 1998 bibendos
959 1928 1339 2023 ‚oppidanos
1365 1927 1450 2008 ab
1474 1951 1746 1997 accessu
1765 1925 2073 1995 fluminis,
2092 1929 2254 1996 Haec
2271 1929 2500 1996 omnia
2519 1928 2684 1997 scite
2699 1942 2764 1996 et

610 2036 919 2103 minutim
934 2035 1230 2105 discussa
1244 2036 1315 2102 in
1329 2025 1483 2124 §vn
1497 2060 1562 2128 p.
1574 2059 1611 2130 7
1627 2032 1696 2122 3,
1709 2047 1778 2102 ct
1789 2057 1930 2128 sqq.
1947 2033 2048 2102 sui
2063 2034 2308 2127 operis,
2319 2033 2762 2104 eruditionem

612 2155 681 2209 et
708 2143 1049 2235 ingenium
1081 2133 1208 2209 viri
1244 2141 1569 2236 probant3
1613 2140 1729 2210 secl
1765 2139 2127 2211 admodum
2155 2138 2400 2209 debilia
2425 2155 2589 2209 sunt
2617 2155 2768 2236 post

615 2240 1036 2316 intervallum
1084 2248 1321 2342 viginti
1373 2245 1751 2340 seculorum
1772 2300 1792 2335 ,
1828 2272 1949 2341 per
1988 2271 2134 2340 quae
2176 2245 2390 2316 solum
2437 2261 2508 2315 et
2553 2247 2770 2318 forma

617 2354 884 2446 rupium
942 2354 1345 2423 mutationes
1406 2351 1817 2422 inevitabiles
1879 2354 2017 2447 pati
2079 2352 2497 2440 debuerunt3
2539 2368 2770 2424 restat

618 2446 900 2553 magnus
936 2459 1116 2548 anS,
1152 2485 1351 2554 quem
1387 2460 1513 2529 sibi
1543 2460 1884 2530 vindicant
1914 2459 2207 2529 fautores
2235 2462 2586 2555 utriusque
2616 2461 2762 2531 loci.

618 2565 914 2635 Multum
962 2581 1029 2634 et
1074 2567 1269 2636 nimis
1314 2591 1465 2636 meo
1507 2566 1757 2660 judicio
1806 2567 1890 2635 de
1935 2590 2018 2635 eo
2062 2565 2245 2636 fonte
2291 2553 2764 2638 disseruerunt.

628 2675 783 2766 Quo
811 2674 1035 2766 facto
1051 2726 1074 2759 ,
1131 2674 1349 2766 inquit
1404 2674 1698 2762 Hirtius,
1750 2674 2130 2743 exhaustas
2172 2689 2450 2769 repente
2491 2679 2772 2745 exaruit

605 2779 804 2870 som.
857 2779 993 2868 Qui
1033 2777 1112 2848 fit
1150 2781 1386 2874 igitur,
1430 2795 1507 2848 ut
1548 2781 1658 2848 hic
1698 2779 1848 2848 fons
1892 2781 2252 2850 exhaustus
2291 2795 2362 2849 et
2400 2783 2766 2852 exsiccatus

626 2911 871 2980 magna
899 2889 968 2954 vi
1008 2910 1386 2980 magnoque
1429 2885 1694 2972 labore,
1721 2903 2106 2983 postquam
2145 2909 2348 2956 venoe
2388 2887 2542 2980 ejus
2585 2886 2762 2957 curii-

627 2994 801 3062 culc‘s
838 2997 1180 3061 intermisce
1210 3009 1376 3061 sunt
1405 3008 1618 3086 atque
1653 3018 1818 3063 avet·
1814 3018 1917 3062 soe
1929 3046 1950 3078 ,
2001 2993 2222 3062 subito
2265 2996 2513 3063 nostris
2557 3019 2760 3091 appa-

628 3113 775 3168 reat
816 3097 1025 3168 oculis
1065 3099 1353 3193 integer,
1393 3114 1462 3167 et
1500 3099 1769 3192 quidem
1806 3125 1958 3169 cum
2005 3101 2138 3168 suis
2175 3100 2632 3194 marginibus?
2663 3104 2764 3168 Me

624 3203 868 3273 talibus
904 3230 1041 3274 non
1078 3204 1349 3274 credere
1384 3203 1718 3304 miraculis
1750 3207 2038 3300 ingenue
2070 3206 2306 3276 fateor.
2346 3209 2598 3278 Annon
2633 3208 2764 3276 sim-

630 3309 865 3405 plicius
908 3311 1147 3404 conjici
1186 3313 1432 3405 poterit
1446 3365 1465 3400 ,
1513 3311 1840 3381 exsiccato
1883 3311 2067 3380 fonte
2081 3365 2102 3400 ,
2138 3327 2448 3407 terraque
2489 3315 2762 3383 circum-

634 3401 813 3488 circa
847 3417 1257 3506 deturbata,
1290 3433 1357 3487 et
1392 3442 1560 3513 rupe
1595 3443 1632 3486 c
1663 3443 1780 3488 sua
1825 3420 2010 3512 quasi
2049 3418 2204 3488 sede
2237 3433 2454 3510 mota,
2491 3443 2698 3514 aquas
2729 3446 2764 3488 e

632 3526 973 3618 superiore
1011 3522 1162 3594 loco
1195 3524 1705 3613 descendentes,
1747 3524 1909 3594 alios
1945 3524 2206 3594 canales
2243 3551 2368 3620 per
2397 3525 2528 3596 alia
2557 3527 2764 3595 diver·

633 3629 839 3700 ticula
864 3633 1035 3700 inter
1058 3655 1211 3700 saxa
1228 3632 1624 3725 quaesivisse,
1641 3629 2029 3726 nullumque
2051 3631 2476 3725 superfuisse,
2498 3648 2652 3727 post
2669 3631 2766 3701 ali-

632 3753 797 3831 quot
818 3764 955 3807 non
978 3737 1128 3807 dico
1154 3737 1393 3808 saecula
1408 3792 1427 3826 ,
1454 3737 1570 3807 sed
1599 3762 1844 3826 annOS,
1865 3738 1977 3808 sed
2005 3741 2204 3808 etiam
2227 3739 2398 3826 dies,
2419 3742 2764 3835 vestigium

631 3845 830 3913 fontis
847 3898 867 3930 ,
894 3869 1093 3940 quem
1130 3870 1253 3914 nec
1296 3861 1668 3914 restaurare
1711 3860 2075 3940 potuerunt
2116 3845 2378 3932 incolae,
2413 3847 2530 3941 qui
2572 3848 2764 3914 vitam

634 3953 991 4035 amiserant
1014 3953 1081 4019 in
1104 3951 1418 4022 conflictu
1436 4006 1455 4039 ,
1485 3977 1609 4021 nec
1627 3955 1914 4022 Romani
1931 4006 1950 4039 ,
1977 3978 2264 4046 quorum
2292 3967 2452 4021 tunc
2478 3979 2616 4021 non
2635 3963 2766 4020 erat

632 4058 1023 4150 positionem
1054 4057 1457 4130 Uxelloduni
1501 4083 1783 4160 seryarc.
1816 4062 1960 4130 Nec
1998 4074 2097 4130 est
2135 4085 2319 4129 mera
2355 4060 2764 4152 conjectura:
