3017 5042
674 503 817 575 138
1135 506 1588 593 NOTITIA
1651 508 2318 575 LITTERARIA

660 640 871 721 tione,
918 653 983 707 et
1020 642 1101 708 H.
1148 636 1493 709 Dodwello
1509 692 1530 727 ‚
1583 640 1694 732 qui
1732 637 1976 707 Italum
2016 642 2228 734 patria
2271 642 2674 734 suspicatur,
2711 645 2778 709 in

655 741 804 812 diss.
826 744 909 813 de
924 744 1099 813 Julio
1118 744 1313 815 Celso
1331 744 1415 812 ad
1450 746 1788 815 Graevium
1807 798 1826 831 ,
1853 768 1998 838 quae
2028 745 2392 814 Annalibus
2409 747 2550 839 ejus
2573 748 2776 835 Quin·

649 846 928 919 tilianeis
946 864 1014 919 et
1043 852 1353 919 Statianis
1380 850 1729 943 subjicitur
1749 853 1966 919 Oxon.
2009 850 2240 946 1698,
2263 850 2346 939 8,
2369 854 2660 923 sectione
2681 876 2774 921 x1.

646 954 777 1023 Sed
812 958 1059 1025 Graevii
1093 956 1299 1026 verba
1328 956 1701 1025 adscribere
1729 957 1965 1049 juvat·
1999 984 2034 1021 κ
2080 959 2232 1025 Fuit
2258 960 2650 1051 Anonymus
2674 958 2776 1025 hic

648 1050 1135 1131 Christianus‘ffi
1197 1062 1461 1131 Laudat
1517 1064 1966 1131 testimonium
2023 1065 2230 1131 sancti
2289 1065 2646 1157 Augustini
2705 1063 2778 1131 de

647 1182 861 1235 morte
906 1166 1279 1236 voluntaria
1316 1169 1624 1255 CatoniS,
1665 1183 1732 1236 et
1765 1192 1903 1235 non
1941 1192 2093 1237 raro
2137 1167 2410 1237 damnat
2451 1184 2520 1236 et
2557 1168 2778 1235 irridet

647 1273 1026 1365 gentilium,
1078 1275 1538 1342 Romanorum
1591 1274 1920 1367 praecipue
1941 1328 1960 1361 ,
2004 1276 2072 1341 in
2125 1275 2427 1367 auspiciis
2469 1289 2539 1343 et
2581 1276 2774 1343 sacris

641 1380 1196 1471 superstitionem.
1221 1376 1421 1449 Nulla
1447 1380 1516 1446 in
1539 1378 1651 1448 illo
1673 1381 2078 1473 antiquitatis
2096 1393 2252 1447 sunt
2265 1382 2566 1474 vestigia.
2597 1381 2774 1467 Quin

643 1484 753 1551 vix
800 1485 1434 1580 quadringentorum
1452 1538 1470 1571 ,
1519 1509 1852 1554 summum
1892 1487 2400 1579 quingentorum
2449 1510 2774 1553 annorum

642 1602 902 1658 aetatem
935 1591 1080 1659 fert.
1121 1594 1297 1661 Nam
1326 1607 1401 1660 ut
1426 1593 1728 1659 omittam
1754 1588 1879 1657 alia
1901 1644 1918 1677 ,
1955 1593 2258 1666 Morinos
2284 1589 2442 1659 dicit
2472 1616 2595 1659 suo
2625 1598 2778 1658 'tem-

641 1720 804 1787 pore
848 1696 1167 1767 Flandros
1211 1695 1563 1792 appellari,
1605 1712 1673 1764 et
1707 1699 1922 1791 Reges
1959 1698 2334 1765 Germaniae
2367 1700 2684 1765 Caesares.
2732 1726 2768 1760 >a

640 1794 805 1889 (His
829 1804 1211 1873 Dodwellus
1238 1804 1570 1897 adjungit,
1598 1802 1778 1896 quod
1801 1802 1978 1896 apud
2003 1803 2182 1870 hunc
2215 1796 2609 1895 scriptorem
2634 1824 2770 1869 me-

638 1923 985 1979 morantur
1019 1910 1271 1979 Basilea
1305 1923 1374 1977 et
1400 1910 1790 1977 Constantia
1825 1908 2024 1976 urbes
2043 1962 2061 1995 ,
2103 1908 2262 1975 urbs
2300 1907 2556 1977 famosa
2588 1910 2772 1977 Pari-

637 2014 769 2082 sius
786 2068 805 2101 ,
837 2014 1143 2083 Flandria
1178 2029 1248 2084 et
1272 2007 1694 2103 Hannonia.)
1741 2044 1776 2078 c<
1821 2016 2053 2107 Neque
2083 2028 2304 2082 tamen
2331 2014 2646 2107 indignus
2679 2028 2774 2081 est

640 2142 1007 2213 anonymus
1042 2122 1152 2192 hic
1184 2120 1497 2207 lectione,
1521 2146 1728 2214 quum
1751 2120 1994 2189 multas
2020 2136 2254 2215 graves
2283 2122 2644 2187 sententias
2673 2120 2776 2187 ad·

636 2240 931 2319 spergat,
951 2251 1096 2320 quae
1120 2225 1434 2295 lectorem
1455 2242 1733 2319 possunt
1755 2226 2016 2296 erudire
2034 2280 2052 2313 ,
2075 2241 2154 2293 ut
2169 2252 2306 2294 non
2329 2239 2429 2293 est
2448 2226 2518 2292 in
2539 2249 2773 2319 cogno-

636 2330 893 2400 scendis
924 2334 1135 2400 causis
1174 2358 1293 2401 cur
1331 2357 1606 2425 quaeque
1645 2347 1826 2426 gesta
1857 2333 1992 2401 sint
2017 2332 2326 2414 obtusuS,
2363 2356 2488 2399 nec
2525 2330 2774 2399 inutilis

633 2450 749 2503 aut
782 2436 1179 2531 legentibus,
1208 2453 1326 2507 aut
1352 2438 1700 2507 edentibus
1733 2441 2082 2508 Caesarem.
2113 2440 2269 2507 Non
2293 2437 2418 2505 fuit
2451 2438 2630 2505 enim
2655 2440 2773 2506 im-

570 2582 575 2590 «
630 2543 882 2634 peritus
928 2570 1152 2612 rerum
1198 2545 1639 2613 humanarum
1674 2596 1692 2631 ,
1737 2570 1860 2613 nec
1911 2570 2036 2637 pro
2087 2559 2288 2637 captu
2341 2541 2515 2611 illius
2569 2544 2775 2611 aetatis

629 2648 968 2737 indoctus,
1002 2652 1246 2746 quippe
1279 2652 1392 2745 qui
1428 2652 1496 2717 in
1533 2652 1790 2744 scriptis
1825 2648 2142 2721 Tullianis
2169 2642 2501 2744 praecipue
2528 2650 2598 2716 in
2627 2650 2772 2742 Epi-

628 2752 809 2824 stolis
853 2756 937 2823 ad
989 2759 1282 2825 Atticum
1328 2758 1598 2824 minime
1643 2756 1842 2824 fuerit
1881 2756 2124 2849 hospes
2144 2808 2165 2841 ,
2218 2779 2300 2823 ex
2351 2755 2594 2849 quibus
2637 2780 2770 2822 non

628 2884 841 2951 pauca
870 2864 1230 2956 excerpsit,
1270 2888 1417 2955 quae
1454 2862 1706 2930 faciunt
1747 2860 1832 2930 ad
1877 2859 2126 2929 Julium
2171 2865 2500 2930 Caesarem
2548 2860 2772 2929 defen-

625 2964 955 3053 dendum,
994 2994 1191 3061 quem
1222 2967 1586 3037 admiratur
1613 2968 1840 3053 unice,
1876 2982 1943 3035 et
1971 2966 2056 3034 ad
2087 2965 2444 3035 refellenda
2471 2990 2776 3060 quaecun-

525 3104 530 3109 ¹
626 3095 756 3163 que
798 3074 867 3139 in
900 3071 1011 3141 illo
1048 3075 1588 3143 criminabantur.
1635 3102 1670 3138 :o
1717 3076 1876 3141 Haec
1913 3072 2058 3159 ille;
2097 3076 2234 3141 Jac.
2277 3072 2674 3141 Sirmondus
2703 3075 2770 3139 in

628 3178 802 3245 notis
846 3179 929 3246 ad
980 3180 1361 3248 Ennodium
1428 3206 1491 3272 p.
1550 3180 1644 3274 78
1694 3192 2010 3265 testatur,
2080 3178 2164 3246 ad
2219 3176 2468 3246 calcem
2527 3178 2769 3246 codicis

626 3284 933 3351 Vaticani
974 3310 1239 3378 quoque
1285 3286 1562 3353 Caesaris
1597 3283 1922 3353 librorum
1959 3284 2374 3377 adscriptum·
2406 3310 2420 3350 :
2471 3312 2514 3367 ς(
2559 3282 2770 3351 Julius

628 3388 859 3458 Celsus
884 3392 1361 3461 Constantinus
1388 3394 1472 3459 V.
1504 3392 1581 3458 C.
1615 3389 1761 3485 legi.
1813 3390 2076 3458 Flavius
2104 3390 2400 3459 Licerius
2437 3391 2770 3457 Firminus

711 3589 764 3647 4.
797 3584 1163 3637 Christianum
1192 3584 1507 3653 scriptorem
1532 3600 1654 3651 pro·
1731 3585 1863 3651 foris
1845 3596 1948 3635 ztan
1979 3594 2066 3635 aut
2089 3583 2392 3653 Neptunum,
2424 3585 2507 3653 qui
2531 3594 2659 3637 certe
2679 3600 2765 3649 pe-

630 3661 711 3715 dit
739 3664 927 3728 etiam,
950 3662 1094 3734 quod
1113 3682 1167 3733 p.
1192 3682 1327 3732 1793
1352 3660 1478 3713 edit.
1500 3662 1651 3715 Grae·
1740 3664 1845 3713 dem
1883 3660 2092 3718 Caesaris
2132 3681 2227 3713 non
2267 3660 2442 3711 valebo
2444 3673 2529 3721 rm
2559 3659 2764 3723 homines

627 3743 795 3794 vianae
823 3742 891 3795 de
914 3743 1159 3795 Caesare:
1178 3754 1319 3813 poste
1294 3762 1375 3792 ero
1397 3752 1554 3792 autem
1576 3740 1653 3790 doe
1739 3745 1936 3809 vitiosi,
1973 3753 2061 3792 aut
2106 3752 2162 3791 ut
2197 3744 2424 3809 scriptum
2466 3750 2544 3791 est
2583 3734 2604 3800 (
2628 3738 2763 3791 Psal.

629 3822 833 3890 sacr-fic)
804 3843 862 3874 w
894 3825 1007 3875 Diis
1026 3825 1171 3889 sacto
1182 3860 1198 3885 ‚
1228 3822 1404 3890 dignus
1428 3824 1539 3881 νίν,
1571 3824 1656 3890 qui
1737 3821 1954 3884 XCVI,
1967 3817 2060 3882 5)
2091 3838 2250 3871 omnes
2280 3820 2374 3871 Dii
2408 3823 2628 3887 gemitum
2660 3817 2784 3877 da·

628 3906 715 3952 uni
736 3914 786 3952 et
811 3922 927 3953 vero
954 3903 1064 3953 Deo
1088 3900 1373 3970 sacrificium
1390 3901 1583 3961 facemt
1605 3912 1656 3949 et
1739 3904 1916 3952 monia.
1950 3900 2090 3952 Nota
2108 3898 2276 3969 pedem
2299 3898 2522 3973 Caesaris
2543 3916 2658 3951 non
2683 3914 2768 3948 va-

621 4000 715 4050 pro
764 4001 819 4031 eo
854 3992 1111 4051 pugnat-et.
1157 3982 1225 4031 E't
1256 3978 1447 4030 clarius
1491 3978 1650 4030 etiam
1735 3978 2010 4046 lebant,h.
2029 3998 2075 4031 e.
2090 3978 2325 4049 pretium
2337 3974 2768 4045 mensuramque.

629 4078 747 4131 Pag-
776 4080 887 4112 200
908 4079 922 4113 ἕ
938 4061 1257 4113 Simulacrum
1278 4058 1487 4109 Coesarl‘s
1498 4060 1650 4127 juftta
1737 4076 1876 4116 Metiri
1896 4090 1937 4115 ιο
1959 4088 2152 4129 quemque
2174 4089 2246 4115 uuo
2270 4074 2432 4115 modulo
2450 4087 2496 4114 tc
2513 4075 2616 4127 pede
2633 4087 2770 4113 verum

634 4141 763 4190 Deos
793 4159 811 4193 .·
842 4150 894 4191 et
925 4159 1041 4210 quos
1077 4140 1211 4191 Deos
1245 4156 1407 4209 quoeso
1428 4142 1459 4187 ι’
1484 4137 1650 4192 lovem
1948 4156 2020 4186 eat.
2447 4144 2484 4185 Η
2488 4158 2612 4185 nnnnn
