3017 5042
631 403 768 470 DE
826 402 1480 469 GALLIARUM
1537 404 2019 472 URBIBUS.
2241 402 2391 496 '433

253 535 440 606 nullo
453 534 656 602 modo
669 533 862 620 dicit,
890 533 1088 602 fuisse
1111 532 1583 602 Noviodunum
1614 558 1899 602 vacuum
1917 588 1936 621 ,
1960 536 2073 604 sed
2099 559 2395 608 vacuum

253 642 350 712 'ab
386 639 903 732 defensoribus,
957 653 1034 706 ut
1077 663 1380 733 expresse
1422 638 1621 708 addit.
1672 626 1927 716 Eodem
1978 667 2171 718 sensu
2192 643 2392 738 ‘apud

254 774 379 817 nos
418 761 767 842 poetarum
795 748 1106 841 princeps
1137 745 1596 814 Mithridatem
1636 747 1969 834 exhibuit,
1997 751 2226 820 Romae
2260 753 2393 820 rui-

253 879 411 922 nam
455 878 612 922 cum
648 851 810 920 filiis·
837 851 1266 920 meditantem
1310 879 1324 918 :

375 1025 505 1092 Que
533 1017 666 1076 dis·
679 1017 772 1094 je!
799 1035 872 1074 en
905 1017 1041 1093 quel
1068 1017 1185 1074 etat
1212 1036 1617 1092 croyez-vous
1649 1019 1703 1076 la
1732 1020 2121 1097 surprendre?

373 1115 523 1175 Vide
550 1113 624 1172 de
639 1113 873 1192 legions
901 1113 1002 1190 qui
1027 1115 1084 1171 la
1114 1116 1375 1192 puissent
1404 1113 1682 1173 defendre
1687 1158 1779 1174 .....

249 1283 490 1374 Neque
517 1281 867 1375 repentino
897 1280 1099 1346 animi
1135 1280 1386 1372 impetu
1416 1282 1639 1348 Caesar
1672 1282 2161 1374 aggressionem
2192 1282 2421 1352 distu--

250 1387 360 1474 lit;
390 1389 526 1455 imo
563 1385 1070 1480 expugnationis
1113 1383 1484 1479 periculum
1536 1385 1787 1454 fecerat
1824 1412 1839 1454 :
1882 1417 1915 1451 <t
1957 1387 2087 1456 Sed
2123 1404 2400 1483 propter

251 1491 672 1562 latitudinem
716 1491 908 1561 fossae
951 1492 1258 1587 murique
1301 1489 1717 1560 altitudinem
1758 1495 1987 1586 paucis
2029 1494 2399 1564 defenden-

249 1599 432 1669 tibus
462 1621 842 1693 expugnare
875 1621 1013 1666 non
1044 1598 1281 1691 potuit.
1319 1627 1354 1661 2>
1402 1597 1835 1678 Manifestum
1873 1614 1974 1668 est
2018 1600 2397 1695 praesidium

249 1706 560 1800 quamvis
579 1710 840 1800 paucis
873 1719 1228 1790 constans,
1263 1717 1502 1771 natura
1540 1701 1670 1772 loci
1708 1704 1985 1794 fretum,
2016 1709 2401 1776 sustinuisse

251 1813 724 1880 Romanorum
748 1812 1072 1906 impetum
1096 1811 1463 1896 3Caesarem
1497 1823 1733 1888 contra
1754 1811 2099 1881 machinas
2120 1817 2399 1883 arcessi-

249 1919 448 2002 visse,
464 1917 702 2010 quibus
717 1942 859 1986 rem
877 1914 1133 1984 meliori
1150 1938 1461 1984 successu
1475 1916 1870 2010 susciperet:
1893 1921 2164 1988 «vineas
2178 1943 2401 2014 agere,

249 2047 532 2118 quaeque
559 2022 645 2090 ad
671 2023 1238 2118 oppugnationem
1264 2022 1412 2090 usui
1434 2036 1661 2108 erant,
1680 2047 2069 2116 comparare
2101 2027 2334 2119 coepit,
2358 2056 2392 2090 n

233 2127 372 2199 ‘sed
413 2143 620 2198 noctu
665 2121 693 2218 (
733 2128 844 2198 hic
894 2129 1224 2223 praecipue
1273 2151 1541 2196 sensum
1596 2129 1824 2197 turbat
1864 2129 1965 2200 Cl.
2016 2133 2335 2200 Dulaure
2373 2126 2400 2219 )

235 2234 503 2330 'oppido
547 2233 928 2334 defensores
971 2233 1404 2319 subveniunt,
1445 2231 1627 2327 quod
1671 2237 1898 2304 Caesar
1928 2237 2019 2304 ita
2056 2239 2397 2332 exprimit·

257 2371 298 2407 α
332 2341 610 2409 Interim
647 2341 862 2408 omnis
904 2364 985 2408 ex
1033 2338 1193 2432 fuga
1233 2340 1663 2440 Suessionum
1705 2341 2115 2411 multitudo
2096 2369 2167 2412 m
2209 2346 2400 2440 oppi-

245 2447 416 2516 dum
435 2448 737 2542 proxima
759 2461 955 2515 nocte
977 2446 1378 2514 convenit.»
1419 2435 1524 2514 C'l.
1557 2448 1871 2516 Dulaure
1901 2439 2024 2517 sub
2054 2449 2157 2518 his
2180 2451 2399 2518 verbis

231 2554 607 2648 agricolas
635 2550 960 2647 intelligit,
997 2574 1396 2644 omnemque
1431 2551 1765 2620 imbellem
1794 2553 2106 2642 turbam,
2148 2580 2277 2649 qua
2310 2559 2404 2625 in-

247 2660 728 2754 terpretatione
780 2656 942 2726 nihil
989 2655 1284 2725 fallacius
1333 2671 1450 2725 est.
1499 2659 1839 2753 Interpres
1886 2684 2139 2753 graecus
2182 2661 2398 2732 reddi·

251 2765 449 2837 derat
471 2767 646 2833 :11ae2
663 2765 740 2832 τὸ
769 2771 894 2831 τῶν
920 2763 1320 2831 Σουεσσιόνων
1346 2762 1575 2841 πλῆθος
1603 2767 1673 2830 ἐκ
1695 2773 1807 2843 τῆς
1832 2776 2026 2859 φυγῆς
2045 2777 2127 2861 τῇ
2149 2770 2398 2863 ἐπιούσῃ

245 2872 428 2939 νυκτὶ
469 2870 551 2950 εἰς
591 2873 828 2944 ταύτην
871 2873 984 2944 τὴν
1033 2870 1212 2939 πόλιν
1272 2869 1684 2988 ἀνεχώρησαν.
1730 2870 1984 2940 Eadem
2026 2873 2132 2940 die
2174 2877 2399 2944 Caesar

244 2975 490 3072 Belgas
535 3001 780 3071 magno
833 2974 1063 3070 praelio
1108 2974 1404 3062 fuderat,
1449 2977 1557 3048 cui
1602 2975 1955 3048 adfuerant
1996 2979 2397 3062 Suessiones

247 3083 480 3154 Verba
522 3085 748 3176 itaque
771 3106 866 3152 ex
877 3082 1083 3176 fitga
1111 3085 1180 3148 ἐκ.
1203 3090 1315 3159 τῆς
1348 3091 1542 3176 φυγῆς
1574 3080 1660 3148 ad
1699 3106 1995 3176 pugnam
2038 3089 2399 3180 pertinent,

249 3205 324 3260 et
361 3190 445 3258 ad
463 3178 720 3258 milites
757 3188 1020 3284 fugatos
1057 3179 1342 3277 (videris
1383 3188 1882 3282 paragraphum
1938 3215 1963 3260 1
1991 3216 2059 3277 ι,
2098 3191 2248 3263 libri
2274 3191 2397 3281 ΙΙ),

248 3287 578 3366 Fecerant
608 3297 785 3368 enim
808 3296 1224 3382 SuessioneS‚
1265 3294 1447 3390 quod
1473 3318 1749 3389 semper
1790 3299 1993 3368 moris
2031 3299 2191 3386 fuit,
2228 3327 2398 3395 prae-

250 3403 419 3474 sidia
447 3403 946 3490 imminuerant,
966 3416 1043 3470 ut
1069 3401 1247 3470 hosti
1275 3400 1639 3495 majoribus
1660 3402 1867 3496 copiis
1897 3403 2162 3474 obviam
2195 3409 2398 3476 irent:

247 3507 322 3580 et
354 3534 531 3579 nunc
557 3523 832 3603 accepta
861 3507 1078 3594 clade,
1111 3532 1251 3577 sese
1279 3508 1348 3575 in
1373 3532 1787 3603 quaecunque
1822 3512 2123 3602 proxima
2149 3513 2397 3608 oppida

245 3616 600 3711 recipiunt.

361 3721 796 3792 Adversarius
848 3735 1076 3790 noster
1139 3746 1345 3814 quum
1399 3720 1482 3787 ad
1529 3720 2006 3792 Noviodunum
2062 3724 2399 3819 repulsam

245 3853 490 3926 passus
521 3830 639 3916 sit,
684 3829 888 3898 citato
932 3827 1166 3896 itinere
1201 3829 1617 3895 Venetorum
1662 3825 1897 3896 urbem
1952 3829 2135 3922 petit
2186 3860 2221 3895 «
2258 3834 2395 3900 Ve-

247 3937 394 4004 neti
423 3931 508 4004 de
552 3883 844 4004 adventu
874 3934 1152 4004 Caesaris
1195 3932 1506 4002 certiores
1553 3925 1749 4019 facti,
1772 3903 2029 4028 oppida
2066 3937 2401 4028 muniunt,

261 4055 662 4110 rumentum
697 4066 778 4113 ex
807 4041 980 4134 agris
1015 4041 1084 4109 in
1113 4037 1375 4134 oppida
1388 4052 1894 4133 comportant.»
1938 4040 2118 4114 Nihil
2155 4045 2413 4118 mirum.

368 4175 496 4245 JV.
1934 4173 2028 4250 28
