3017 5042
601 431 754 504 316
1493 429 1840 498 INDEX

597 591 800 662 quam
821 565 1061 636 Strabo
1095 589 1236 634 esse
1267 563 1430 632 dicit
1454 561 1745 656 quodam
1774 561 1979 631 modo
2016 559 2438 656 metropolim
2470 563 2747 633 urbium

599 698 747 767 quae
784 673 854 740 in
890 673 1020 742 hac
1059 685 1249 766 parte
1285 682 1562 740 exstant.
1612 666 1828 737 Hodie
1868 667 2142 738 Monda
2153 723 2176 756 ‚
2221 669 2289 736 in
2330 693 2538 762 regno
2576 672 2751 740 Gra-

601 780 876 848 natensi.

703 887 1082 955 MYTILENE
1115 877 1230 973 (B.
1259 885 1336 952 C.
1371 880 1485 951 lib.
1523 906 1642 969 111,
1673 905 1817 975 cap.
1872 873 2083 970 102).
2126 883 2316 950 Inter
2355 879 2483 976 39⁰
2512 894 2578 950 et
2612 881 2749 968 [ω’

597 990 853 1060 latitud.
885 988 1013 1060 23⁰
1039 1005 1110 1060 et
1135 988 1262 1075 24⁰
1286 987 1612 1084 longitud.
1640 989 1825 1058 Urbs
1850 988 1920 1055 in
1953 985 2167 1057 insula
2196 979 2447 1076 Lesbo,
2476 989 2546 1055 in
2572 990 2750 1058 mari

597 1099 822 1191 AEgaeo
842 1150 862 1182 ‚
884 1111 951 1166 et
972 1098 1196 1166 Asiam
1220 1097 1548 1164 minorem
1569 1095 1953 1191 attingente.
1980 1095 2221 1164 Strabo
2252 1109 2322 1164 et
2349 1093 2750 1164 Ptolemaeus

597 1205 922 1278 Μιτυλῆνη
936 1257 956 1291 ,
984 1202 1160 1272 unde
1184 1200 1487 1288 nonnulli
1515 1201 1814 1270 scribunt
1838 1195 2193 1294 Μιίξγῖὲηε,
2222 1226 2364 1270 non
2382 1195 2748 1294 Mytilene,-

600 1324 670 1377 at
703 1309 858 1378 vide
892 1334 1041 1403 quae
1072 1309 1487 1397 notavimus,
1532 1321 1693 1376 tom.
1724 1331 1811 1396 11,
1839 1331 1993 1402 pag.
2040 1332 2225 1404 107,
2247 1321 2385 1376 not.
2422 1305 2487 1378 3.
2525 1307 2751 1377 Hodie

599 1441 866 1510 quoque
905 1430 1188 1486 vocatur
1219 1406 1508 1485 Me'telin
1521 1468 1544 1501 ‚
1587 1428 1655 1485 et
1680 1438 1925 1483 nomen
1966 1413 2195 1484 insulae
2222 1413 2422 1483 dedit.
2458 1415 2565 1483 De
2592 1416 2749 1508 My·

598 1520 872 1591 tilenaeis
907 1522 1051 1592 haec
1078 1515 1285 1591 r'efert
1318 1521 1597 1610 Strabo,
1632 1519 1672 1590 l.
1697 1543 1866 1609 xm,
1890 1545 1955 1615 p.
1978 1518 2026 1590 6
2043 1545 2068 1589 1
2087 1519 2131 1591 8
2156 1545 2172 1590 ε
2201 1549 2237 1585 ε(
2253 1523 2498 1590 Parum
2529 1520 2753 1590 abfuit

600 1628 762 1721 quin
787 1628 1223 1698 Athenienses
1257 1629 1328 1697 in
1362 1625 1915 1698 immedicabilem
1945 1651 2086 1697 sese
2117 1627 2556 1721 conjecissent
2587 1627 2751 1696 infa-

599 1735 803 1804 miam
821 1789 840 1823 ,
885 1760 1093 1830 quum
1134 1735 1478 1804 decretum
1523 1734 1831 1805 fecissent
1876 1733 1960 1802 de
2001 1733 2411 1803 trucidandis
2450 1758 2491 1802 a
2531 1758 2750 1828 puero

599 1865 810 1935 usque
849 1841 1160 1914 omnibus
1193 1839 1585 1936 Mytilenaeis
1613 1866 1631 1909 z
1663 1839 2077 1911 resciderunt
2106 1854 2329 1911 tamen
2366 1840 2747 1928 decretum,

601 1971 865 2043 unaque
906 1949 1011 2018 die
1039 1948 1126 2017 ad
1162 1949 1596 2043 imperatores
1638 1948 1834 2017 citius
1871 1948 2200 2043 posterius
2235 1946 2367 2016 hoc
2402 1946 2747 2017 decretum

601 2053 932 2147 perlatum
953 2068 1078 2142 est,
1097 2080 1296 2150 quam
1319 2056 1368 2122 ii
1386 2052 1774 2123 mandatum
1798 2055 2064 2149 exsequi
2080 2055 2467 2150 inciperent.
2488 2083 2523 2118 a>
2544 2055 2614 2124 N
2616 2079 2749 2122 um·

601 2162 693 2228 mi
711 2159 794 2228 ad
814 2161 1204 2256 Mytilenem
1228 2175 1602 2255 spectantes
1620 2174 1776 2229 sunt
1799 2160 2002 2251 obvii,
2020 2161 2382 2255 praesertim
2400 2185 2483 2228 ex
2500 2183 2749 2254 magno

600 2265 877 2335 modulo
895 2320 914 2355 ‚
948 2267 1063 2336 sed
1101 2291 1276 2336 unus
1314 2263 1415 2336 est
1456 2267 1709 2336 eximiae
1737 2267 2025 2336 raritatis
2062 2292 2407 2356 nummus,
2434 2279 2503 2335 et
2541 2268 2750 2336 tertiae

601 2370 867 2460 formae,
907 2373 977 2440 in
1024 2373 1222 2442 Thes.
1257 2373 1451 2468 ⁴regio
1496 2372 1628 2442 hoc
1673 2372 1876 2442 modo
1918 2375 2265 2468 insignitus
2303 2399 2318 2441 ε
2369 2373 2748 2442 ΙΟΥΛΙΑΝ

599 2479 845 2548 NEAN
889 2480 1461 2550 ΓΕΡΜΑΝΙΚΟΪ
1504 2479 1721 2546 ΜΪΤΙ
1774 2473 1801 2568 (
1809 2482 1849 2547 J
1850 2478 2054 2548 uliam
2085 2479 2419 2573 juniorem
2459 2481 2746 2549 Germa-

601 2585 738 2654 nici
762 2583 968 2654 filiam
994 2584 1353 2680 Mytilenaei
1375 2577 1651 2675 colunt).
1679 2589 1902 2680 Caput
1916 2584 2141 2673 Juliae3
2171 2587 2239 2654 in
2270 2608 2503 2655 aversa
2522 2599 2745 2680 parte:

601 2692 671 2759 Γ.
715 2694 1096 2759 ΚΑΙΣΑΡΑ
1141 2692 1591 2765 ΣΕΒΑΣΤΟΝ
1630 2693 1866 2760 ΜΥΤΙ.
1910 2690 2212 2788 Caligula
2248 2707 2428 2762 stans
2454 2690 2748 2779 velatus,

599 2797 873 2868 dextera
906 2812 1207 2894 pateram
1243 2812 1495 2868 tenens.

1622 2945 1721 3023 N.

705 3119 1104 3188 NABATHAEI
1141 3109 1240 3206 (B.
1267 3116 1370 3187 Al.
1398 3142 1454 3187 c.
1487 3111 1574 3209 1).
1598 3122 1787 3188 Inter
1812 3117 1941 3190 3οο
1967 3133 2034 3189 et
2068 3118 2196 3191 31⁰
2219 3119 2330 3190 lat.
2357 3117 2485 3192 33⁰
2513 3135 2583 3191 et
2623 3119 2747 3207 34⁶

599 3219 779 3317 long.
810 3222 1104 3319 Populus
1157 3224 1419 3294 Arabiae
1456 3227 1725 3295 Petreae.
1766 3229 1875 3297 De
1918 3252 1998 3297 eo
2050 3225 2214 3297 nihil
2252 3229 2514 3323 reperio
2570 3227 2747 3323 apud

596 3327 924 3409 Ptolem.;
967 3328 1160 3424 plura
1211 3331 1390 3424 apud
1421 3332 1636 3401 Strab.
1662 3359 1681 3420 ;
1711 3357 1867 3402 nam
1910 3331 2021 3402 lib.
2052 3357 2213 3422 xvi,
2250 3360 2316 3429 p.
2362 3332 2552 3429 760,
2606 3335 2743 3403 ait:

607 3463 643 3498 α
674 3435 953 3504 Idumaei
989 3437 1255 3530 quidem
1291 3436 1640 3508 Nabathaei
1684 3454 1895 3508 sunt»
1930 3455 1997 3509 et
2025 3441 2181 3510 ibid.
2224 3467 2291 3536 p.
2336 3438 2512 3538 767,
2539 3439 2743 3536 loqui-

599 3555 712 3611 tur
745 3542 829 3611 de
855 3543 1225 3614 Nabathaea
1250 3546 1480 3632 Petra,
1512 3559 1580 3613 et
1603 3545 2005 3618 Nabathaeos
2036 3572 2191 3617 cum
2227 3546 2657 3618 Chaulottaeis
2682 3559 2747 3614 et

595 3647 850 3743 Agraeis
880 3650 1054 3718 inter
1079 3651 1338 3719 Arabiae
1362 3648 1648 3745 populos
1675 3669 2013 3743 numerat,
2042 3680 2212 3749 quos
2245 3678 2445 3749 supra
2490 3652 2744 3723 felicem

596 3753 916 3824 Arabiam
949 3758 1247 3852 porrigit.
1279 3757 1479 3826 Unde
1507 3759 1668 3828 situs
1694 3759 2076 3830 Nabathaeae
2102 3761 2391 3856 regionis
2410 3762 2544 3847 ,erit
2578 3761 2745 3828 inter

598 3860 1002 3931 Elaniticum
1046 3864 1261 3932 sinum
1296 3878 1363 3932 et
1395 3863 1616 3935 lacum
1642 3865 2061 3961 Asphaltiten
2100 3895 2115 3936 :
2156 3883 2227 3937 at
2256 3867 2435 3954 idem
2471 3863 2742 3951 Strabo,

600 3993 668 4062 p.
704 3993 855 4065 779
873 4023 892 4057 ,
924 3970 1016 4040 ait
1044 3995 1059 4037 ε
1105 3999 1140 4035 ε(
1175 3996 1379 4066 supra
1426 3975 1717 4065 Syriam,
1753 3973 2107 4044 Nabathaei
2140 3991 2207 4068 et
2242 3973 2454 4044 Sabaei
2490 3971 2741 4042 felicem

601 4077 916 4148 Arabiam
945 4077 1247 4148 incolunt
1265 4132 1286 4168 ,
1308 4109 1342 4145 2>
1380 4094 1448 4150 et
1477 4083 1697 4150 statim
1728 4083 1822 4150 eis
1852 4081 2277 4178 metropolim
2304 4082 2421 4152 dat
2451 4083 2737 4164 Petram,
