3017 5042
604 357 749 440 144
951 419 956 424 .
1062 350 1526 418 NOTITIA
1588 344 2264 416 LITTERARIA

590 485 841 554 Plinius
878 485 1119 552 XVIII
1140 535 1159 568 ,
1205 478 1303 550 25
1352 505 1445 574 sq.
1468 533 1487 567 ‚
1533 494 1600 548 et
1634 479 2020 550 Macrobius
2063 477 2173 547 lib.
2225 481 2261 546 1
2305 479 2642 548 saturnal.
2693 505 2761 549 c.

605 589 733 678 163
774 589 890 658 sed
916 611 1181 683 quoque
1218 589 1474 675 Graeci,
1504 601 1584 654 ut
1628 584 1948 685 Claudius
1986 583 2379 654 Ptolemaeus
2416 587 2486 652 in
2511 585 2767 677 φοίσεσι

596 700 903 765 ἀπλανῶν.
936 693 1299 788 Singularis
1332 717 1541 786 porro
1569 693 1852 762 Caesaris
1888 690 2032 760 laus
2067 705 2206 780 est,
2239 691 2425 786 quod
2449 691 2769 760 siderum

596 804 973 897 cognitione
998 825 1157 868 usus
1200 813 1302 868 est
1340 797 1426 866 ad
1460 823 1712 867 annum
1748 797 2284 867 „emendandum
2288 797 2534 890 ‚eujus
2575 801 2770 868 ratio

597 923 751 978 ante
811 931 965 978 eum
1018 905 1198 1002 apud
1250 907 1592 974 Romanos
1652 904 2222 1000 perturbatissime
2274 904 2506 972 fiterat.
2569 907 2770 976 Hinc

606 1014 1088 1086 calendarium
1132 997 1548 1099 Julianum3,
1589 1011 1672 1080 de
1703 1013 1892 1106 cujus
1931 1009 2207 1080 historia
2220 1025 2510 1105 ,praeter
2552 1011 2772 1080 Scali-

602 1146 873 1216 gerum,
881 1119 1257 1188 Petavium
1310 1139 1391 1186 ac
1448 1118 1904 1204 Gassendum,
1944 1116 2392 1186 consulendus
2431 1115 2774 1212 peculiari

602 1227 773 1296 libro
806 1224 1037 1321 gallice
1066 1223 1245 1293 edito
1280 1225 1670 1294 Franciscus
1705 1222 2122 1314 Blondclluffi
2155 1227 2460 1292 Histoire
2487 1224 2583 1292 du
2629 1227 2773 1294 Ca-

612 1332 913 1402 lendrz'er*
956 1335 1291 1416 Romala,
1347 1331 1532 1398 Paris
1597 1324 1790 1400 1682
1816 1384 1836 1417 ‚
1877 1333 1964 1418 4,
2007 1333 2212 1424 Hagae
2249 1332 2448 1400 Com.
2508 1327 2770 1416 1684,

618 1464 643 1508 1
665 1464 729 1506 2.
775 1439 1127 1506 Rationem
1168 1461 1331 1505 vero
1367 1433 1707 1504 literarum
1741 1427 2229 1505 ABGD'EFGH
2260 1437 2327 1503 in
2353 1434 2771 1504 Calendario

605 1543 901 1632 Julian0‚
942 1568 1081 1612 non
1123 1556 1199 1610 ut
1246 1540 1578 1636 Scaligero
1621 1556 1690 1610 et
1733 1540 1876 1631 aliis
1921 1543 2175 1628 visum,
2215 1541 2590 1626 nundinaS,
2637 1544 2769 1611 sed

606 1648 775 1743 cycli
819 1648 1066 1719 lunaris
1108 1651 1394 1718 rationes
1431 1650 1790 1742 respicere,
1831 1662 2026 1717 acute
2065 1648 2548 1718 demonstravit
2591 1673 2766 1716 eru-

608 1756 965 1824 ditissimus
995 1758 1100 1823 vir
1137 1757 1369 1824 Franc.
1412 1755 1814 1823 Bianchinus
1839 1756 1909 1823 in
1940 1754 2196 1824 dissert.
2241 1755 2322 1822 de
2353 1753 2770 1823 Calendario

608 1876 677 1931 et
716 1861 924 1956 Cyclo
968 1864 1278 1950 Caesaris,
1332 1863 1526 1930 Rom.
1599 1858 1828 1957 1703,
1873 1855 1983 1929 fol.
2027 1861 2186 1934 Non
2226 1876 2452 1928 autem
2496 1863 2773 1955 primus

608 1968 881 2037 modum
919 1975 1095 2038 anni
1128 1970 1383 2037 solaris
1408 1969 1660 2035 invenit
1700 1967 1952 2054 Caesar,
1988 1965 2104 2036 sed
2149 1966 2234 2034 ab
2269 1967 2596 2062 AEgyptiis
2633 1969 2775 2062 pri-

611 2074 763 2144 dem
798 2077 1146 2142 inventum
1184 2077 1475 2168 primus,
1504 2073 1834 2168 Sosigenis
1862 2075 2146 2142 maxime
2195 2072 2510 2167 astrologi
2547 2098 2772 2167 opera

609 2205 803 2268 usu5‚
839 2181 912 2247 in
950 2178 1209 2248 civilem
1252 2194 1317 2248 et
1353 2177 1701 2275 publicum
1743 2204 1939 2248 usum
1981 2181 2440 2249 Romanorum
2473 2179 2772 2250 induxit.

612 2283 785 2355 Vide
826 2284 1070 2380 AEgidii
1104 2286 1413 2354 Eucherii
1448 2285 1820 2354 doctrinam
1862 2301 2237 2380 temporum
2269 2310 2422 2382 pag.
2463 2281 2616 2370 324
2661 2312 2765 2381 sq.

613 2393 789 2460 Sam.
828 2392 1115 2458 Petitum
1159 2389 1329 2460 libro
1356 2393 1437 2476 ‚V
1477 2391 1706 2488 Eclog.
1746 2392 2159 2488 Chronolog.
2215 2394 2391 2460 Anni
2439 2389 2767 2461 emenda-

612 2498 861 2565 tionem
908 2520 949 2563 a
988 2499 1249 2567 Caesare
1297 2497 1542 2566 factam
1581 2513 2111 2568 commemorant
2153 2501 2353 2567 etiam
2396 2499 2532 2567 Dio
2581 2496 2768 2568 libro

610 2605 881 2701 XLIII,
927 2601 1187 2671 Solinus
1215 2628 1272 2672 c.
1316 2601 1401 2691 3,
1438 2607 1844 2674 Censorinus
1871 2631 1926 2673 c.
1965 2605 2048 2691 8,
2083 2604 2476 2674 Plutarchus
2513 2607 2585 2672 in
2619 2607 2771 2676 Cae-

614 2733 805 2798 sare‚·
836 2722 905 2776 et
942 2709 1327 2778 Macrobius
1364 2711 1398 2776 I
1440 2708 1766 2778 Saturnal.
1814 2735 1869 2777 c.
1922 2713 2058 2796 14,
2098 2712 2210 2804 qui
2249 2709 2564 2781 Flavium
2604 2713 2772 2780 scri-

544 2871 548 2876 .
612 2797 766 2883 bam
810 2814 1161 2883 adnotasse
1202 2815 1340 2884 dies
1381 2815 1672 2910 singulos
1720 2817 2092 2909 Caesarique
2131 2816 2428 2886 retulisse
2470 2842 2768 2888 comme-

612 2933 848 2988 morat.
906 2923 1243 2989 Honorius
1295 2922 1912 3016 Augustodunensis
1966 2923 2070 3010 ΙΙ,
2127 2947 2259 3018 71,
2320 2923 2403 2991 de
2460 2927 2762 3018 imagine

614 3025 846 3094 mundi
891 3052 907 3092 ε
962 3054 997 3090 <c
1052 3027 1414 3096 bissextum
1452 3027 1664 3096 Julius
1713 3031 1936 3098 Caesar
1970 3029 2402 3124 interposuit,
2442 3044 2510 3098 et
2545 3033 2761 3103 totius

614 3133 913 3226 computi
966 3157 1259 3202 errorem
1318 3158 1440 3228 per
1490 3135 1672 3204 hunc
1727 3137 2032 3203 correxit.
2098 3164 2131 3200 ³³
2183 3137 2428 3204 Utrum
2484 3134 2758 3230 cyclum

617 3237 919 3306 lunarem
955 3237 1235 3308 ediderit
1277 3239 1528 3328 Caesar,
1564 3239 1859 3336 disputat
1901 3243 1982 3309 H.
2030 3242 2270 3325 NoriS‚
2310 3245 2424 3335 qui
2469 3244 2756 3314 omnino

613 3343 1058 3416 consulendus
1100 3345 1363 3442 inUdiss.
1414 3347 1498 3415 de
1542 3345 1727 3442 cyclo
1779 3347 2074 3443 paschali
2117 3351 2505 3418 Ravennate
2548 3374 2606 3418 c.
2651 3374 2752 3418 lv.

700 3558 749 3590 π.
778 3538 953 3590 Caesar
974 3536 1087 3607 ipse
1112 3556 1195 3608 ap.
1220 3539 1420 3591 Lucan.
1447 3538 1632 3591 Phars.
1724 3543 1886 3608 cogit,
1915 3552 1973 3590 ut
1999 3540 2149 3592 Atlas
2179 3540 2338 3591 sidera
2361 3544 2618 3612 perquirit.
2640 3541 2748 3595 Ed.

612 3617 710 3670 lib.
735 3618 789 3669 X
803 3657 819 3684 ‚
833 3616 943 3668 185
968 3635 1077 3687 seq.
1092 3649 1166 3660 -—
1185 3618 1355 3670 Media
1378 3622 1638 3688 inter-pree·
1805 3619 1856 3670 3.
1874 3619 1940 3670 I'n
1957 3619 2204 3671 thesauro
2218 3620 2612 3691 Antiquitatum
2635 3613 2751 3672 Ro·

614 3700 686 3750 lia
728 3715 909 3767 semper
937 3697 1183 3748 stellarum
1233 3699 1429 3770 coelique
1467 3698 1636 3766 plagis
1723 3715 2027 3763 manarum,
2045 3712 2173 3752 tom.
2199 3701 2338 3751 VIII
2357 3740 2372 3766 ‚
2397 3713 2563 3752 exstat
2591 3713 2750 3753 vetus

613 3781 884 3849 superisque
910 3781 1111 3838 vacavi,
1155 3796 1240 3828 nec
1272 3782 1398 3828 meas
1434 3777 1636 3828 Eudoxi
1725 3775 2096 3831 Calendarium
2121 3779 2393 3832 sulianum
2413 3819 2430 3843 ‚
2457 3777 2604 3851 quod
2619 3797 2749 3832 oum

612 3861 835 3909 vincetur
862 3857 1076 3924 fastibus
1124 3876 1309 3916 annus.
1340 3857 1539 3910 Alanus
1577 3857 1634 3908 in
1722 3858 1835 3910 aliis
1866 3859 2095 3929 antiquis
2131 3857 2457 3912 calendariis
2491 3877 2746 3912 recenseo

610 3935 1095 4002 Anti-Claudiano,
1122 3957 1175 4008 p.
1213 3943 1321 4004 49:
1350 3937 1636 4008 Speculatur·
1720 3937 1859 3990 infra
1895 3939 2034 3990 libro
2066 3929 2278 3991 IVL'--
2317 3941 2481 3992 Vetus
2522 3957 2744 4010 quoque

608 4018 875 4086 atAt-gas,
897 4020 1116 4086 tenzporis
1138 4035 1363 4069 excursus
1380 4029 1436 4072 ut
1463 4017 1634 4071 Coesar
1721 4019 1834 4072 Cal.
1859 4015 2072 4086 damus,
2092 4017 2312 4091 hujusce
2331 4019 2440 4076 vol.
2457 4013 2620 4091 112-40.
2633 4019 2742 4072 En.
