3017 5042
657 433 806 506 336
1545 433 1891 500 INDEX

653 585 718 638 et
759 567 1150 661 Pompeium
1173 615 1191 650 ,
1226 565 1558 660 reperitur
1593 566 1662 632 in
1698 561 2036 632 Thessalia
2072 561 2199 658 39⁰
2224 561 2268 645 3¹:
2297 560 2411 631 lat.
2446 563 2519 632 2⁰
2550 561 2593 651 -ζ-
2624 562 2804 659 long.

651 679 851 743 Juxta
893 672 1143 742 flumen
1178 672 1539 766 Enipeum,
1574 673 1747 738 inter
1778 672 2141 757 Larissam,
2172 671 2478 739 Triccam
2520 685 2589 739 et
2624 671 2805 740 Phe·

653 805 777 850 ras.
813 781 1232 872 Caeteroquin
1257 803 1395 846 non
1424 776 1689 846 aliunde
1728 791 1967 864 notus3
2008 791 2228 846 servat
2261 791 2486 846 tamen
2512 779 2582 845 in
2612 799 2803 872 map-

649 889 752 981 pis
791 886 1266 955 recentioribus
1304 909 1552 952 nomen
1591 887 1848 952 Farsa.

758 996 1052 1062 PHARUS
1083 987 1200 1082 (B.
1243 990 1474 1060 C.'lib.
1525 1015 1643 1076 111,
1678 1013 1824 1084 cap.
1868 987 1910 1059 3
1940 1015 1959 1078 3
1999 993 2071 1058 Β.
2104 987 2204 1057 Al.
2255 992 2345 1074 14
2369 979 2415 1078 ).
2457 988 2585 1059 31⁰
2612 989 2657 1081 -ζ-
2690 989 2800 1060 lat.

656 1087 1030 1195 27⁰³}long.
1051 1095 1276 1166 Insula
1309 1099 1462 1166 satis
1481 1112 1639 1165 nota
1656 1099 1845 1190 juxta
1862 1094 2324 1164 Alexandriam
2348 1096 2536 1188 cujus
2563 1112 2802 1191 portus

649 1207 884 1274 urbem
908 1204 1219 1274 defendit.
1255 1207 1448 1272 Hanc
1481 1206 1572 1272 ita
1592 1203 1907 1272 describit
1928 1202 2169 1271 Strabo
2200 1201 2307 1271 lib.
2336 1205 2523 1288 x'v11‚
2543 1229 2610 1297 p.
2648 1229 2791 1300 791

650 1327 720 1380 et
762 1337 936 1406 seqq.
985 1340 1020 1375 <t
1057 1310 1314 1378 Pharus
1357 1308 1567 1378 insula
1608 1309 1909 1403 quaedam
1948 1323 2049 1377 est
2082 1307 2411 1404 oblonga,
2456 1335 2604 1403 quae
2641 1336 2801 1380 con·

649 1419 883 1486 tinenti
935 1417 1228 1486 adhaeret
1249 1471 1267 1502 ,
1319 1418 1673 1512 ancipitem
1718 1416 1802 1484 ad
1846 1440 1993 1484 eam
2036 1430 2307 1510 portum
2356 1415 2628 1486 faciens.
2680 1421 2799 1487 Est

649 1527 828 1592 enim
847 1523 1029 1592 littus
1050 1524 1421 1610 sinuosum,
1451 1523 1629 1617 quod
1650 1522 1784 1591 duo
1806 1525 2267 1616 promontoria
2298 1524 2366 1590 in
2398 1547 2583 1591 mare
2614 1527 2800 1593 emit·

647 1632 759 1716 tit,
791 1633 964 1698 inter
997 1654 1146 1724 quae
1172 1628 1386 1698 insula
1415 1630 1630 1722 jacet,
1663 1642 1933 1723 portum
1966 1626 2309 1715 claudenS,
2348 1631 2453 1698 cui
2484 1655 2609 1724 per
2644 1630 2794 1700 lon-

651 1762 810 1830 gum
875 1737 1206 1830 objicitur.
1267 1738 1374 1804 De
1427 1736 1627 1803 Phari
1680 1736 2156 1829 promontoriis
2206 1733 2533 1804 'orientale
2584 1740 2794 1833 magis

583 1910 596 1926 ,
647 1844 1098 1911 continentem
1135 1857 1203 1910 et
1237 1839 1621 1936 oppositum
1660 1842 1781 1910 sibi
1817 1843 2347 1936 promontorium
2394 1844 2685 1938 attingit,
2732 1858 2792 1912 et

644 1949 1074 2018 Acrolochias
1111 1963 1430 2032 vocatur3
1461 1948 1641 2042 quod
1671 1963 1943 2042 portum
1970 1947 2319 2016 efficitore
2354 1963 2557 2018 arcto.
2596 1953 2791 2020 Acce-

644 2056 742 2123 dit
786 2056 870 2124 ad
907 2057 1245 2149 angustias
1287 2068 1523 2149 portus
1562 2054 1775 2148 quod,
1813 2055 1882 2121 in
1918 2054 2314 2123 intermedio
2365 2055 2539 2124 freto
2587 2073 2789 2151 petrae

645 2176 836 2248 sunt,
886 2163 1130 2254 partim
1173 2162 1358 2254 aquis
1407 2175 1690 2253 opertae,
1736 2161 1979 2254 partim
2018 2163 2427 2248 eminentes;
2474 2165 2786 2231 continuo

644 2281 1106 2335 occurrentem
1139 2291 1220 2334 ex
1248 2265 1485 2360 pelago
1524 2266 1803 2335 fluctum
1840 2281 2322 2361 exasperantes.
2358 2271 2589 2361 Ipsum
2625 2270 2785 2338 adeo

642 2372 870 2441 insulae
906 2374 1440 2467 promontorium
1469 2387 1571 2440 est
1598 2387 1787 2466 petra
1814 2373 2117 2466 quoedam
2144 2375 2314 2442 mari
2346 2377 2781 2476 circumdata,

642 2481 877 2547 turrim
917 2479 1169 2548 habens
1207 2504 1288 2546 ex
1312 2479 1463 2547 albo
1499 2478 1715 2573 lapide
1748 2479 2029 2549 mirifice
2064 2495 2385 2548 structam
2416 2481 2640 2552 multis
2670 2483 2783 2552 fas·

643 2587 814 2680 tigiis
836 2639 854 2674 ,
899 2585 1134 2655 eodem
1181 2611 1315 2679 quo
1357 2585 1569 2654 insula
1606 2589 1876 2654 nomine
1907 2612 1921 2652 ε
1956 2611 2103 2654 eam
2140 2589 2475 2656 Sostratus
2513 2589 2779 2658 Cnidius

641 2717 874 2786 regum
915 2693 1165 2761 amicus
1204 2686 1498 2781 (scilicet
1526 2691 1862 2760 Ptolemaei
1904 2685 2404 2787 Philadelphi),
2442 2698 2663 2790 posuit
2696 2697 2777 2765 ob

635 2800 1093 2892 navigantium
1133 2797 1410 2870 salutem
1433 2852 1451 2887 ,
1489 2798 1672 2892 quod
1709 2799 1837 2868 hac
1872 2799 2313 2894 descriptione
2346 2815 2657 2870 notatur:

875 2994 1386 3062 SOSTRATVS
1433 2995 1817 3063 CNIDIVS
1860 2925 2419 3066 DEXIPHAlNIS
2460 3001 2533 3067 F,

759 3132 948 3199 DIIS
989 3131 1680 3200 SERVATORIBVS
1734 3131 1917 3198 PRO
1960 3133 2651 3206 NAVIGANTIBVS.

742 3329 919 3398 Nam
949 3353 1156 3421 quum
1187 3352 1303 3396 ora
1335 3353 1415 3396 ex
1447 3343 1727 3420 utraque
1756 3343 1945 3420 parte
1971 3330 2383 3423 importuosa
2414 3348 2483 3401 et
2510 3332 2765 3402 humilis

637 3449 841 3521 esset,
869 3448 1224 3527 cautesque
1253 3459 1330 3503 ac
1355 3435 1583 3502 brevia
1611 3433 1922 3521 haberet,
1948 3435 2137 3529 signo
2168 3436 2389 3530 aliquo
2412 3464 2583 3534 opus
2615 3441 2761 3525 fuit,

635 3540 770 3608 alto
803 3555 872 3608 et
902 3539 1106 3628 claro,
1138 3566 1270 3634 quo
1305 3541 1407 3608 usi
1437 3541 1824 3633 navigantes
1856 3565 1936 3608 ex
1972 3541 2107 3610 alto
2142 3545 2513 3638 ingressum
2546 3561 2761 3642 portus

538 3737 544 3742 ι
614 3648 1018 3743 contingere
1068 3660 1354 3740 possent.
1402 3647 1777 3715 Occiduum
1824 3649 2019 3716 etiam
2062 3651 2304 3718 ostium
2324 3704 2343 3738 ,
2392 3677 2757 3748 quanquam

634 3779 772 3820 non
800 3767 1016 3821 tutum
1053 3755 1423 3847 ingressum
1453 3752 1689 3840 habet,
1719 3777 1856 3821 non
1885 3768 2109 3823 tamen
2134 3769 2318 3824 tanta
2350 3759 2604 3853 indiget
2630 3783 2758 3854 pro-

632 3859 957 3941 videntia3
1003 3859 1118 3931 sed
1153 3859 1282 3927 hoc
1319 3859 1519 3927 alium
1558 3873 1827 3955 portum
1864 3860 2108 3948 efficit,
2148 3865 2265 3956 qui
2298 3866 2582 3935 Eunosti
2614 3866 2753 3934 dici-

512 3993 519 4010 *
633 3981 744 4033 tur
765 4020 782 4052 ,
823 3980 1022 4060 atque
1060 3966 1168 4034 hic
1214 3980 1366 4034 ante
1409 3965 1742 4035 exfossum
1788 3981 1855 4035 et
1902 3967 2199 4036 clausum
2244 3986 2517 4064 portum
2544 3972 2749 4065 jacet:

631 4074 742 4166 qui
779 4074 956 4140 enim
999 4097 1081 4140 ex
1123 4073 1303 4141 dicta
1340 4073 1541 4142 Phari
1583 4074 1749 4142 turri
1792 4075 2163 4168 ingressum
2200 4075 2405 4145 habet
2428 4131 2447 4165 ,
2483 4081 2538 4147 is
2564 4077 2747 4146 maxi·

2944 4763 2971 5002 3——
