3017 5042
971 419 1667 488 FRAGMENTA.
2306 417 2395 490 15

351 553 710 622 Orationes
745 550 996 646 aliquas
1040 549 1306 648 reliquit
1322 603 1341 636 ‚
1377 553 1562 620 inter
1604 563 1769 645 quas
1812 567 2063 622 temere
2092 554 2397 648 quaedam

255 661 591 750 feruntur3
632 672 718 736 ut·
735 682 878 755 pro
927 661 1010 751 Q.
1057 659 1344 738 Metello
1362 697 1389 744 ·,
1429 682 1651 752 quam
1700 683 1841 727 non
1883 661 2215 731 immerito
2245 663 2396 731 Au-

257 783 482 862 gustus
524 767 854 850 existimat
889 767 1100 860 magis
1133 764 1221 834 ab·
1258 767 1593 836 actuariis
1612 780 1959 860 exceptam
1979 820 2000 853 ‚
2028 767 2200 836 male
2244 769 2397 837 sub·

255 874 678 968 sequentibus
719 873 926 948 verba
959 871 1238 942 dicentis
1255 926 1280 959 ‚
1317 896 1519 966 quam
1556 873 1643 942 ab
1687 875 1835 968 ipso
1884 872 2130 942 editam
2174 899 2194 943 τ
2242 897 2400 944 nam

255 981 323 1050 in.
345 979 742 1075 quibusdam
779 976 1270 1075 exemplaribus
1297 981 1565 1051 invenio
1591 1004 1679 1048 ne
1702 981 2091 1074 inscriptam
2129 980 2400 1076 quidem

243 1111 372 1183 pro
410 1088 734 1176 Metello,
775 1087 891 1156 sed
913 1137 932 1170 ,
959 1111 1172 1182 quam
1211 1091 1489 1183 sen'psct
1528 1088 1847 1173 Metello,
1860 1107 1867 1115 ·
1882 1112 2091 1182 quum
2122 1111 2205 1156 ex
2240 1111 2399 1182 per-

257 1219 411 1262 sona
456 1195 738 1266 Caesaris
777 1219 998 1276 sermo
1037 1194 1120 1263 sit
1137 1245 1158 1281 ,
1183 1191 1569 1282 Metellum3
1608 1219 1809 1288 seque
1846 1194 2165 1264 adversus
2219 1219 2401 1263 com-

257 1303 556 1391 munium
619 1301 1152 1382 obtrectatorum.
1206 1301 1701 1370 criminationes
1766 1303 2133 1396 purgantis.
2203 1301 2404 1395 Apud

255 1406 489 1477 milites
522 1432 788 1502 quoque
817 1409 904 1477 in·
923 1409 1245 1502 Hispania
1277 1405 1457 1478 idem
1484 1409 1827 1502 Augustus
1852 1409 2223 1477 orationem
2263 1431 2405 1477 esse

257 1514 359 1582 vix
393 1516 601 1609 ipsius
645 1529 839 1609 putat
883 1540 898 1580 :
955 1539 1102 1608 quae
1147 1528 1374 1583 tamen
1414 1512 1661 1608 duplex
1708 1514 1956 1603 fertum
2001 1539 2138 1583 una
2163 1569 2187 1602 2
2218 1516 2404 1609 quasi

239 1617 476 1716 'priore
523 1621 753 1691 habita
800 1619 1077 1716 praeli03
1134 1618 1340 1688 altera
1359 1674 1379 1708 ‚
1449 1620 1819 1714 posteriore
1847 1674 1868 1708 ‚
1929 1647 2066 1716 quo
2138 1623 2404 1690 Asinius

261 1727 462 1798 Pollio
498 1753 585 1797 ne
613 1742 876 1823 tempus
903 1726 1173 1821 quidem
1202 1727 1647 1796 concionandi
1675 1727 1985 1797 habuisse
2019 1752 2174 1796 eum
2210 1726 2405 1815 dicit,

260 1835 470 1904 subita
501 1835 795 1904 hostium
837 1834 1235 1903 incursione.
1279 1833 1405 1904 Ex
1445 1836 1723 1905 Sueton.
1776 1839 1847 1902 in
1890 1837 2061 1905 Caes,
2102 1859 2157 1902 c.
2211 1829 2328 1904 55.

795 2046 914 2115 Ex
967 2069 1234 2116 nunus
1291 2071 1376 2116 ΙΝ
1433 2047 1867 2117 CA‘ron'EM.

360 2239 662 2334 Reliquit
709 2253 777 2308 et
825 2239 910 2308 de
953 2237 1275 2333 Analogia
1331 2238 1499 2307 duos
1555 2238 1760 2308 libros
1789 2294 1809 2328 ‚
1862 2253 1931 2307 et
1978 2239 2409 2310 Anticatones

263 2348 539 2416 totidem
559 2332 628 2414 ²⁸.
676 2349 952 2416 Sueton.
1004 2350 1076 2414 in
1121 2347 1296 2418 Caes.
1339 2370 1396 2413 e.
1444 2341 1561 2415 56.

1119 2551 1246 2646 Ex
1278 2549 1452 2619 libro
1492 2554 1553 2617 I.

364 2741 597 2810 Caesar
631 2737 700 2804 in
729 2737 1126 2806 Anticatone
1159 2736 1422 2829 priore:
1457 2739 1607 2803 Uno
1645 2742 1821 2804 enim
1858 2753 2182 2832 exc-epm,
2216 2764 2414 2832 quem

265 2844 671 2930 aliusmodi,
717 2859 928 2938 atque
982 2847 1202 2912 omnis
1224 2889 1248 2923 ,
1301 2858 1563 2911 natura
1580 2842 1823 2932 finxit
1840 2898 1861 2931 ‚
1917 2867 2080 2912 suos
2132 2851 2419 2940 quisque

264 2951 478 3023 habet
500 2975 724 3032 caros.
757 2954 1192 3037 Priscianus,
1227 2948 1336 3018 lib.
1361 2952 1501 3036 VI,
1534 2965 1607 3018 et
1625 2949 1736 3018 lib.
1760 2952 1941 3037 VII,
1975 2967 2048 3020 et
2070 2951 2183 3021 lib.
2202 2956 2413 3023 XIII.

987 3147 1268 3213 Incerta
1309 3168 1402 3213 ex
1443 3143 1701 3214 lisdem.

369 3335 590 3402 Erant
629 3327 853 3400 officia
897 3328 1326 3417 antelucana,
1381 3329 1450 3396 in
1491 3353 1640 3424 quae
1690 3329 1982 3400 incidere
2018 3332 2292 3428 impune
2334 3358 2419 3402 ne
2522 3313 2531 3320 .

269 3441 514 3510 Catoni
553 3437 821 3533 quidem
875 3435 1092 3524 licuit,
1133 3461 1334 3530 quem
1384 3450 1612 3504 tamen
1650 3438 1727 3505 C.
1783 3440 2011 3506 Caesar
2048 3439 2140 3507 ita
2194 3464 2418 3534 repre·

267 3546 542 3633 hendit‚
564 3559 643 3613 ut
672 3542 915 3614 laudet.
955 3543 1298 3612 Describit
1333 3544 1512 3611 enim
1546 3568 1659 3612 eos
1680 3597 1699 3630 ‚
1729 3543 1969 3636 quibus
2004 3545 2241 3617 obvius
2280 3545 2419 3615 fue·

271 3656 385 3742 rit,
410 3678 622 3748 quum
649 3664 854 3746 caput
869 3649 1033 3718 ebrii
1058 3650 1474 3736 retexissent,
1493 3649 1867 3739 erubuisse3
1896 3651 2133 3721 deinde
2158 3653 2419 3746 adjicit:

358 3875 382 3908 1
396 3857 450 3910 8.
484 3855 566 3908 Et
605 3851 930 3906 Anticatones
971 3847 1184 3902 totidem.
1225 3851 1306 3902 De
1393 3850 1738 3902 Anticatones
1770 3849 1990 3903 Caesaris
2020 3851 2279 3922 publicati
2310 3855 2427 3907 fue-

273 3935 494 3990 Coesaris
517 3932 926 3988 Anticatonibus
949 3931 1114 3984 facete
1137 3929 1311 4001 loqui·
1395 3941 1519 3985 rant
1572 3929 1823 3983 adversus
1874 3948 2129 4001 magnum
2176 3934 2426 3987 volumen

276 4027 364 4070 tur
383 4014 800 4078 Iuvenalis‚sat.
819 4029 880 4065 vt
894 4049 912 4077 ,
928 4030 982 4064 ν.
1003 4011 1145 4064 338:
1167 4029 1311 4082 quam
1399 4006 1466 4062 de
1516 4009 1733 4063 Catonis
1787 4008 2037 4065 laudibus
2091 4030 2130 4080 a¹
2168 4013 2427 4069 Cicerone

275 4109 389 4147 sunt
441 4096 540 4149 duo
587 4093 800 4148 Coesaris
849 4091 1183 4145 Anticatones.
1241 4089 1311 4142 Et
1399 4089 1676 4160 scriptum.
