3017 5042
858 447 1738 515 GEOGRAPHICUS.
2215 449 2366 546 389

207 578 510 646 infimam
554 591 817 646 tantum
862 593 1118 671 partem
1167 579 1509 648 Duranius
1547 579 1614 646 fl.
1665 579 1889 667 alluit,
1935 596 2002 650 et
2038 581 2362 652 excelsam

208 684 549 780 profunda
590 682 778 754 vallis
814 684 1078 753 duobus
1118 684 1405 754 fluviolis
1448 687 1720 780 irrigata
1769 688 2010 781 cingit3
2065 689 2181 758 sed
2227 689 2366 758 non

207 793 376 860 adeo
397 793 646 860 mirum
670 805 771 859 est
793 790 1086 860 Hirtium
1111 815 1365 860 errasse
1387 793 1457 860 in
1481 793 1963 887 descriptione3
1991 819 2196 888 quum
2225 795 2362 888 jam

206 899 497 967 vidimus
543 900 871 966 Caesarem
924 899 1182 992 ipsum,
1228 896 1337 966 lib.
1382 923 1474 986 11,
1527 924 1673 994 cap.
1737 923 1762 968 1
1794 954 1813 982 ,
1861 899 2151 970 Scaldim
2207 927 2361 970 cum

206 1006 364 1074 Sabi
413 1003 796 1073 confudisse
854 996 1043 1092 (vide
1094 1002 1630 1098 supplementum
1681 1005 1768 1073 ad
1821 1021 2014 1076 notas
2067 1007 2362 1100 ejusdem

206 1111 395 1196 libri,
440 1113 519 1178 T.
568 1134 626 1196 1,
668 1136 732 1204 p.
774 1103 907 1205 98)
926 1164 946 1198 ,
992 1124 1061 1179 et
1102 1108 1265 1180 alios
1307 1135 1568 1181 errores
1614 1113 1856 1181 rationi
1901 1114 2365 1208 geographicae

206 1219 581 1286 contrarios
602 1217 1042 1306 commisisse,
1060 1241 1227 1311 quos
1254 1215 1409 1287 alibi
1432 1219 1833 1288 notavimus.
1849 1221 2135 1314 Utrique
2160 1220 2364 1315 igitur

204 1324 353 1394 loco
392 1322 623 1393 similis
650 1325 812 1392 situs
848 1338 950 1394 est
986 1325 1055 1392 in
1084 1322 1468 1419 peninsula:
1503 1339 1784 1420 uterque
1816 1323 2002 1396 locus
2031 1325 2361 1412 excelsuS,
2397 1331 2406 1342 '

203 1445 586 1525 praeruptus
630 1455 709 1499 ac
750 1455 961 1525 prope
1000 1429 1570 1525 inexpugnabilis;
1614 1431 1792 1500 unde
1839 1430 1968 1524 alia
2006 1433 2361 1528 quaerenda
2426 1477 2432 1492 ι

203 1554 359 1607 sunt
378 1551 407 1626 ,'
457 1562 605 1631 quae
650 1539 865 1632 magis
914 1561 1066 1606 cum
1123 1536 1571 1632 descriptione
1623 1540 2044 1632 conveniant.
2107 1541 2360 1610 Hirtius

200 1644 367 1714 dicit
414 1635 600 1739 (cap.
649 1636 785 1730 30)
839 1645 1254 1740 Drappetem
1306 1658 1461 1738 post
1502 1643 1732 1739 fugam
1779 1643 1865 1712 ad
1911 1647 2239 1740 Ligerim,
2295 1651 2361 1716 V

199 1751 362 1820 mill.
402 1752 589 1820 hom.
634 1765 1049 1819 armatorum
1082 1749 1463 1846 collegisse:
1508 1749 1695 1820 addit
1725 1741 1911 1845 (cap.
1949 1745 2084 1840 32)
2115 1754 2357 1822 Lucte-

198 1861 374 1927 rium
424 1883 495 1928 se
540 1859 601 1926 ei
638 1859 951 1927 comitem
1001 1857 1238 1926 itinere
1278 1857 1574 1950 junxisse
1591 1907 1611 1943 ,
1659 1869 1858 1951 atque
1907 1881 2060 1926 cum
2100 1863 2244 1928 suis
2291 1877 2360 1928 et

198 1968 585 2061 Drappetis
618 1970 835 2060 copiis
866 1963 1363 2034 Uxellodunum
1400 1987 1798 2059 occupasse.
1828 1965 2041 2033 Porro
2062 1967 2358 2034 Lucterii

196 2075 411 2167 copiae
428 2127 449 2160 ,
493 2073 616 2142 etsi
654 2096 791 2140 non
835 2071 1298 2166 designentur,
1340 2070 1425 2139 ad
1469 2095 1828 2140 numerum
1871 2095 2084 2165 prope
2125 2095 2355 2165 parem

196 2179 357 2248 ferri
394 2192 715 2275 possunt:
755 2175 895 2248 scil.
942 2179 1289 2271 utriusque
1317 2179 1532 2247 Ducis
1572 2178 1900 2248 exercitus
1939 2178 2067 2246 erit
2096 2181 2161 2242 X
2189 2176 2349 2246 mill.

195 2285 379 2356 hom.
424 2300 868 2373 armatorum,
900 2286 1013 2378 qui
1044 2309 1180 2354 una
1211 2309 1364 2354 cum
1399 2283 1664 2370 incolis,
1694 2309 1862 2378 quos
1890 2286 1957 2352 V
1991 2283 2148 2352 mill.
2183 2286 2352 2354 aesti-
2436 2309 2444 2317 ’

194 2417 383 2463 mare
416 2394 517 2462 fas
549 2393 667 2478 sit,
700 2391 976 2479 locandi¹
996 2407 1195 2460 erunt
1228 2393 1298 2459 in
1334 2391 1523 2460 urhe.
1559 2392 1651 2458 At
1679 2390 1984 2484 planities
2012 2392 2200 2485 rupis
2237 2391 2353 2460 ubi

193 2515 413 2570 exstat
439 2499 815 2595 Capdenac
838 2498 1257 2593 superficiem
1285 2497 1488 2566 habet
1519 2499 1721 2566 XXX
1751 2495 1912 2564 mill.
1943 2499 2172 2566 metris
2197 2523 2353 2592 qua-

192 2607 405 2676 dratis
455 2621 873 2676 constantem
901 2659 923 2694 ,
978 2606 1115 2674 sive
1163 2604 1376 2673 tribus
1418 2605 1712 2672 metricis
1748 2602 2094 2697 jugeribus
2139 2600 2374 2694 (neus

190 2729 485 2810 arpent-5
518 2714 607 2783 de
632 2707 901 2798 Paris)
941 2715 1189 2781 Lector
1225 2710 1480 2804 judicet
1498 2765 1518 2798 ,
1559 2735 1648 2778 an
1679 2711 1812 2778 XV
1847 2707 2008 2776 mill.
2053 2708 2233 2777 hom.
2280 2714 2350 2778 in

190 2816 445 2916 angulo
486 2835 678 2890 terrae
720 2821 1189 2915 angustissimo
1236 2819 1564 2888 contineri
1607 2815 1980 2911 potuerint,
2023 2839 2156 2883 una
2193 2841 2348 2884 cum

189 2927 387 2998 fossis
437 2942 507 2996 et
553 2926 729 2996 vallo
751 2981 771 3013 ,
813 2925 1077 3022 plateis,
1118 2925 1279 2994 vicis
1320 2949 1400 2993 ac
1442 2925 1632 2993 tectis
1653 2978 1672 3012 ,
1718 2922 1996 2992 sarcinis
2049 2946 2347 3016 quoque,

188 3036 757 3121 armamentariiS,
808 3048 876 3102 et
926 3032 1380 3102 instrumentis
1428 3029 1699 3101 bellicis.
1756 3027 2065 3098 Planities
2113 3032 2348 3098 contra

188 3142 445 3210 montis
472 3143 706 3236 lepuy
725 3141 1031 3209 d'Issolu
1062 3138 1265 3208 offert
1292 3139 1559 3224 orbem,
1597 3137 1786 3230 cujus
1813 3135 2134 3204 diameter
2161 3135 2346 3204 dimi·

186 3249 375 3317 diam
418 3247 621 3316 habet
661 3250 987 3334 Leucam;
1022 3248 1308 3342 spatium
1346 3269 1505 3314 sane
1541 3268 1800 3336 magnae
1841 3242 2024 3310 urbis
2059 3256 2128 3310 et
2157 3267 2346 3311 exer·-

186 3356 367 3424 citus
392 3355 728 3424 numerosi
756 3378 983 3449 capax.
1014 3357 1173 3423 Haec
1197 3352 1397 3421 unica
1421 3351 1864 3444 discrepantia
1897 3347 2233 3418 sufficeret
2259 3349 2344 3418 ad

185 3487 338 3530 rem
376 3460 855 3548 dirimendam;
892 3459 1008 3530 sed
1050 3475 1117 3529 et
1160 3459 1285 3528 alia
1326 3473 1459 3545 est,
1496 3481 1700 3552 quam
1732 3480 2044 3550 spernere
2080 3455 2344 3524 videtur

184 3569 483 3662 scriptor
516 3569 855 3662 ingeniose
896 3565 1177 3661 diligens
1214 3566 1692 3661 Champollion
1727 3567 1800 3633 F
1791 3569 1992 3656 egeae
1999 3615 2020 3647 ,
2059 3586 2206 3655 quae
2242 3563 2344 3629 t'a-

183 3700 349 3744 men
392 3672 844 3769 irrefragabile
886 3687 1355 3766 argumentum
1398 3672 1591 3740 nobis
1635 3668 2046 3764 suppeditat3
2097 3666 2346 3736 scilicet

185 3779 455 3854 NOMEN
486 3783 726 3876 ipsum.

302 3887 381 3960 3⁰
400 3882 677 3960 Nomen
700 3888 1117 3957 Uoeellodum'
1124 3911 1353 3983 prope
1382 3887 1639 3954 nullum
1667 3884 1876 3954 dubio
1899 3884 2120 3952 locum
2142 3882 2340 3949 relin-

182 3991 363 4096 quit:
407 3997 675 4065 Nomen
714 3997 953 4088 cuique
995 3995 1125 4078 rei,
1166 3993 1271 4062 vel
1314 3994 1618 4062 animatae
1650 3990 1757 4060 vel
1787 3990 2162 4058 inanimatae
2181 4042 2201 4080 ,
2232 3989 2346 4054 im-

186 4105 485 4206 positum
540 4117 679 4186 est,
734 4116 808 4170 ut
856 4126 935 4170 ea
992 4101 1181 4171 facile
1222 4101 1306 4170 ab
1344 4098 1483 4168 alii's
1529 4096 1756 4167 similis
1797 4111 2049 4164 naturae
2089 4096 2342 4180 secerni

1857 4213 1999 4298 25³
