3017 5042
659 441 807 512 380
1076 433 1080 437 ¹
1534 444 1891 511 INDEX

659 574 860 643 habet
905 572 1283 658 latitudine3
1333 589 1400 642 et
1445 574 1589 642 haec
1638 589 1738 643 est
1780 576 2018 669 positio
2053 573 2266 660 urhis,
2305 576 2371 641 in
2412 576 2603 668 cujus
2651 604 2794 672 gra·
2868 606 2873 613 ·
2933 572 2936 603 ¹

661 682 816 748 tiam
847 704 1198 773 perperam
1225 679 1484 747 sudavit
1514 682 1602 748 N.
1633 683 2028 749 Samsonus:
2076 705 2231 748 nam
2271 681 2393 749 ista
2432 681 2796 774 descriptio

663 784 1085 854 Uxelloduno
1107 786 1376 854 minime
1399 787 1754 854 convenire
1782 787 2033 879 potuit3
2068 786 2181 855 sed
2203 810 2586 881 pergamus.
2616 790 2798 858 Urbs

659 892 836 961 dicta
875 892 1146 962 Luzech
1189 893 1434 986 pariter
1477 893 1599 961 sita
1646 891 1729 959 ad
1774 894 1983 987 ripam
2030 891 2327 960 dextram
2365 892 2543 961 Oltis
2582 892 2798 982 fluvii,

662 1011 726 1065 et
770 1000 842 1065 in
881 996 1252 1090 peninsula,
1292 998 1479 1091 cujus
1512 996 1855 1090 longitudo
1888 1021 1929 1066 a
1957 1012 2291 1092 septemtr.
2334 998 2418 1065 ad
2450 1000 2798 1069 meridiem

663 1104 890 1172 tendit.
920 1106 1000 1171 In
1032 1103 1159 1172 hac
1191 1103 1553 1172 directione
1587 1126 1777 1171 mons
1816 1104 2060 1197 surgit,
2088 1106 2201 1197 qui
2240 1104 2530 1173 formam
2570 1108 2798 1198 penin-

665 1208 820 1279 sulae
859 1209 1065 1278 dedit.
1117 1210 1247 1278 Sed
1292 1209 1404 1277 hic
1451 1232 1644 1280 mons
1688 1224 2059 1303 praeacutus
2102 1225 2301 1303 atque
2342 1214 2797 1279 excavationi·

663 1316 785 1384 bus
829 1316 1100 1409 insignis
1121 1364 1146 1401 r
1183 1316 1356 1383 inter
1391 1338 1553 1408 quas
1598 1314 1862 1383 condita
1903 1314 2027 1383 fuit
2060 1315 2221 1383 urbs
2251 1316 2533 1386 Luzech
2552 1368 2575 1401 ,
2622 1318 2799 1385 initio

662 1435 920 1490 tantum
967 1420 1190 1489 isthmi
1239 1419 1533 1489 excelsus
1590 1434 1688 1489 est
1708 1474 1726 1506 ,
1776 1436 1843 1489 et
1890 1422 2127 1491 sensim
2178 1436 2321 1489 tum
2375 1422 2463 1489 ab
2520 1436 2802 1516 utroque

663 1526 896 1614 latere,
931 1540 1072 1595 tum
1104 1528 1188 1595 ab
1218 1530 1348 1594 ima
1381 1541 1572 1621 parte
1602 1526 1999 1614 demittitur,
2030 1528 2123 1595 ita
2148 1541 2223 1595 ut
2249 1542 2632 1621 praeacutas
2661 1552 2798 1623 par·

664 1647 762 1701 tes
822 1635 889 1701 in
950 1633 1194 1702 isthmo
1256 1648 1513 1701 tantum
1576 1646 1645 1700 et
1706 1632 1791 1699 ab
1844 1632 2146 1702 orientali
2206 1631 2408 1701 latere
2468 1634 2803 1728 praebeat,

663 1736 857 1808 nullis
893 1737 1034 1808 aliis
1069 1740 1406 1809 montibus
1445 1740 1605 1808 satis
1636 1738 1721 1807 ad
1758 1738 2187 1808 continendas
2211 1740 2476 1808 Caninii
2511 1738 2803 1835 legiones

663 1845 898 1939 amplis
939 1846 1373 1916 circumcirca
1425 1844 1905 1914 exsistentibus.
1952 1847 2112 1914 Uno
2154 1846 2362 1913 verbo
2404 1844 2601 1915 solus
2652 1849 2802 1915 situs

664 1954 729 2019 iu
769 1950 1116 2044 peninsula
1155 1954 1218 2021 ei
1255 1951 1404 2019 urbi
1451 1954 1821 2020 communis
1858 1976 1909 2019 ez
1937 1965 1961 2019 t
1992 1976 2145 2021 cum
2176 1950 2653 2040 Uxellodun0‚
2688 1978 2802 2022 cae-

665 2073 806 2125 tera
859 2059 1178 2129 Hirtianae
1235 2058 1596 2127 narrationi
1649 2080 1921 2152 prorsus
1979 2073 2367 2151 repugnant.
2420 2060 2531 2126 De
2578 2074 2805 2127 monte

663 2164 841 2233 dicto
881 2166 945 2231 le
981 2187 1133 2258 puy
1168 2164 1223 2232 d
1225 2166 1492 2250 ⁹,Issolu
1545 2188 1705 2232 non
1700 2163 1909 2231 idem.
1958 2164 2085 2231 Hic
2128 2161 2311 2233 locus
2351 2189 2490 2232 non
2533 2166 2802 2259 quidem

663 2269 748 2337 ab
793 2270 973 2338 omni
1014 2294 1200 2362 paene
1243 2285 1430 2364 parte
1483 2269 1755 2338 flumine
1802 2270 2130 2388 cingitur,
2186 2284 2261 2337 ut
2300 2272 2561 2340 Hirtius
2608 2271 2806 2359 dicit3

666 2374 810 2443 sed
816 2400 898 2442 ex
927 2375 1067 2467 ejus
1107 2378 1233 2444 situ
1269 2378 1440 2443 inter
1467 2375 1637 2444 duos
1656 2374 1943 2444 fluvios
1924 2400 1994 2443 in
2014 2375 2263 2446 flumen
2284 2379 2727 2445 Duranium
2709 2404 2803 2445 in-

667 2481 944 2553 fluentes
979 2480 1332 2576 descriptio
1380 2483 1534 2550 data
1580 2483 1935 2551 convenire
1980 2496 2214 2575 potest.
2256 2484 2451 2551 Mons
2490 2485 2711 2577 igitur
2744 2486 2807 2553 'le

649 2608 808 2681 puy
835 2587 1138 2657 d'Issolu
1177 2588 1527 2657 duodecim
1573 2586 1773 2655 leucis
1814 2587 2069 2656 distans
2111 2587 2196 2656 ab
2244 2589 2404 2657 urbe
2451 2589 2808 2676 Cadur-co,

666 2706 1002 2787 septemtr.
1052 2718 1282 2763 versus
1301 2748 1322 2780 ‚
1376 2718 1575 2787 super
1627 2694 1929 2763 Duranio
1977 2690 2102 2778 (la
2150 2690 2582 2788 Dordogne)
2642 2699 2808 2765 situs

665 2814 798 2885 est,
827 2800 894 2867 in
923 2798 1168 2894 angulo
1194 2824 1391 2895 quem
1422 2798 1723 2869 efficiunt
1750 2799 1989 2867 fluvius
2020 2824 2218 2894 supra
2249 2800 2495 2887 dictuS,
2526 2825 2805 2871 cursum

663 2905 914 2975 habens
944 2906 1030 2974 ab
1061 2906 1314 2975 oriente
1341 2905 1425 2974 ad
1454 2903 1865 2973 occidentem
1882 2959 1901 2992 ,
1930 2920 1995 2974 et
2026 2906 2160 2975 duo
2193 2904 2475 2992 fluvioli,
2508 2932 2807 3000 quorum

667 3035 838 3079 unus
877 3010 960 3079 ad
1003 3014 1326 3081 orientem
1372 3011 1587 3080 dictus
1618 3011 2014 3093 Sourdoire,
2046 3013 2265 3105 vergit
2298 3012 2381 3079 ab
2418 3014 2693 3083 oriente
2732 3013 2808 3082 ad

667 3116 1038 3203 meridiem,
1070 3116 1236 3185 alter
1275 3117 1358 3186 ad
1399 3116 1809 3187 occidentem
1842 3118 1917 3185 la
1954 3120 2355 3185 Your-mente
2382 3142 2418 3185 a
2455 3134 2807 3212 septemtr.

669 3222 754 3291 ad
798 3222 1136 3292 meridiem
1154 3278 1175 3310 ‚
1217 3222 1415 3292 ambo
1457 3224 1527 3291 in
1555 3224 1929 3291 Duranium
1973 3222 2059 3291 ad
2094 3222 2347 3291 radices
2380 3248 2573 3317 paene
2598 3250 2807 3295 mon-

668 3330 752 3397 tis
783 3329 1222 3415 confluenteS,
1251 3329 1430 3397 unde
1455 3328 1567 3397 hic
1600 3326 1881 3422 angulus
1902 3342 2095 3396 terrae
2116 3354 2275 3397 vere
2299 3330 2655 3423 peninsula
2683 3332 2809 3402 dici

670 3447 905 3525 potest.
949 3435 1244 3506 Isthmus
1296 3450 1519 3505 tamen
1572 3436 2111 3527 septemtrionem
2158 3460 2385 3505 versus
2427 3434 2631 3504 latior
2673 3451 2809 3525 est,

667 3563 868 3632 quam
905 3554 978 3608 ut
1015 3564 1169 3609 cum
1206 3542 1506 3609 Hit-tiana
1538 3538 1979 3633 descriptione
2014 3564 2381 3635 congruere
2418 3557 2663 3635 queat3
2699 3544 2809 3613 sed

669 3659 904 3715 caetera
919 3692 922 3697 -
939 3646 1096 3715 satis
1125 3646 1535 3717 concordant
1548 3699 1567 3732 ,
1602 3645 1740 3715 scil.
1784 3670 1977 3715 mons
2010 3660 2113 3715 est
2140 3661 2375 3716 acutus
2407 3664 2474 3715 et
2513 3673 2811 3743 praerup-

669 3766 776 3819 tus
811 3752 896 3821 ab
927 3752 1110 3820 omni
1145 3753 1281 3821 fere
1311 3766 1537 3847 parte3
1580 3750 1781 3821 valles
1816 3776 2079 3846 quoque
2124 3752 2280 3821 hinc
2318 3766 2386 3821 et
2414 3753 2576 3821 inde
2617 3780 2807 3824 mon-

669 3871 803 3925 tem
833 3858 1127 3951 cingunt.
1148 3856 1333 3926 Alter
1363 3881 1553 3925 mons
1586 3882 1621 3925 e
1653 3859 1921 3951 regione
1950 3859 2203 3952 positus
2228 3859 2489 3927 Caninii
2509 3858 2810 3954 legiones

672 3964 962 4055 recipere
1020 3965 1258 4057 potuit.
1321 3967 1492 4032 Sunt
1547 3976 1863 4057 praeterea
1920 3965 2325 4032 summitates
2388 3965 2811 4035 occidentem

669 4092 895 4137 versus
944 4068 1114 4138 ultra
1143 4068 1312 4137 fluv.
1360 4072 1433 4138 la
1475 4073 1877 4138 Tourmente
1914 4071 2141 4139 castris
2179 4094 2444 4163 quoque
2480 4073 2808 4165 recipien-
