3017 5042
595 440 744 512 238
1497 438 1868 509 INDEX

589 576 756 647 dala:
786 572 939 643 Vid.
984 570 1422 675 Strabonem,
1454 570 1494 641 l.
1542 596 1654 661 xl,
1687 595 1753 667 p.
1796 568 1887 643 52
1910 594 1937 641 1
1978 594 2054 661 a,
2107 568 2253 669 527
2298 598 2392 659 ας
2439 573 2764 667 Ptolem.,

476 728 482 733 -
589 683 630 753 l.
675 708 760 768 v,
807 706 870 776 p.
930 676 1095 776 159.

699 792 1018 859 COMANA
1048 785 1523 883 Cappadocem
1544 776 1665 875 (B.
1702 785 1886 854 Alex.
1910 809 1966 853 c.
1994 782 2101 855 66
2126 778 2172 876 ).
2212 784 2339 857 38⁰
2367 786 2479 858 lat.
2504 804 2577 858 et
2604 789 2761 877 [23⁰.

589 896 769 992 long.
804 893 980 964 Vide.
1018 920 1166 990 quae
1193 895 1573 963 notavimus
1611 892 1696 961 ad
1730 892 1954 961 locum
1998 895 2178 963 citat.
2218 895 2499 965 Nummi
2530 913 2767 968 autem

589 1007 661 1073 in
696 1028 776 1072 ea
813 1002 982 1070 urbe
1023 1003 1168 1071 cusi
1207 1024 1362 1069 cum
1403 1000 1769 1095 epigraphe
1806 1002 2309 1069 ROMANEQN
2324 1052 2343 1087 ‚
2374 1002 2769 1097 frequentes

591 1126 781 1197 sunt,
809 1124 878 1178 et
904 1108 990 1177 ad
1026 1109 1202 1179 hane
1228 1106 1464 1177 urbem
1495 1109 1851 1202 pertinent.
1876 1109 2043 1176 Erat
2074 1122 2141 1176 et
2167 1110 2365 1177 tertia
2390 1110 2555 1179 urbs
2586 1112 2767 1205 ejus-

592 1219 748 1288 dem
789 1217 1078 1284 nominis
1130 1218 1201 1284 in
1258 1216 1523 1284 Pisidia.
1585 1217 1865 1303 Quartae
1918 1228 2143 1283 autem
2194 1216 2385 1285 urbis
2437 1220 2769 1290 Cmnanae

593 1326 786 1395 dictae
819 1318 944 1413 (al.
979 1314 1336 1412 Boc-ame)
1360 1323 1665 1392 meminit
1695 1320 1999 1410 Ptolem,
2038 1321 2080 1389 l.
2110 1344 2248 1410 vn,
2286 1346 2345 1391 c.
2384 1328 2464 1410 43
2508 1326 2631 1395 sed
2658 1326 2771 1397 hae

589 1431 756 1501 nihil
806 1430 1059 1499 faciunt
1099 1431 1184 1499 ad
1231 1454 1374 1499 nos.
1421 1433 1725 1500 Comana
1778 1444 2004 1498 autern
2054 1430 2502 1524 Cappadociae
2546 1446 2651 1501 est
2698 1435 2773 1501 in

591 1540 864 1634 regione
890 1538 1216 1607 hodierna
1247 1540 1665 1608 Caramam‘e
1692 1536 1901 1625 dicta,
1926 1551 2022 1627 et,
2048 1550 2128 1605 ut
2152 1534 2457 1607 nonnulli
2483 1538 2770 1630 volunt,

589 1646 1031 1717 Arminacha
1069 1645 1334 1715 dicitur.

701 1755 1025 1823 Commu
1063 1756 1368 1822 Pontica
1404 1742 1523 1839 (B.
1556 1749 1659 1819 Al.
1694 1776 1751 1821 c.
1787 1748 1920 1836 34,
1960 1746 2055 1821 35
2082 1744 2127 1841 ).
2169 1748 2299 1846 39⁰
2324 1748 2369 1841 -ξ-
2406 1750 2517 1821 lat.
2566 1752 2699 1839 14⁰
2726 1751 2771 1837 {-

591 1859 776 1955 long.
802 1860 990 1929 Urbs
1028 1859 1472 1945 nobilissima,
1502 1862 1715 1927 Lunae
1759 1882 1983 1945 saera,
2020 1880 2230 1953 parva
2272 1858 2480 1928 veluti
2514 1861 2771 1929 Corin-

589 1968 783 2055 thus,
833 1981 910 2035 ut
959 1991 1108 2034 eam
1153 1965 1446 2061 appellat
1493 1966 1755 2034 Strabo.
1801 1968 2019 2059 Reges
2040 1964 2325 2052 habuit,
2369 1990 2535 2060 quos
2580 1966 2771 2037 idem

587 2088 936 2143 memorat.
950 2072 1310 2167 Templum
1334 2071 1623 2141 Bellonae
1652 2071 2160 2141 celeberrimum
2183 2126 2203 2159 ‚
2234 2072 2433 2167 cujus
2446 2074 2770 2144 sacerdos

588 2182 794 2249 totius
837 2181 1126 2274 regionis
1171 2181 1625 2273 principatum
1674 2180 1962 2247 tenebat.
2009 2181 2195 2268 Quin
2250 2194 2319 2248 et
2354 2182 2420 2248 in
2460 2203 2540 2249 ea
2584 2182 2769 2251 aedes

589 2301 736 2357 erat
779 2310 968 2355 sacra
1010 2289 1262 2354 Veneri
1307 2300 1585 2381 propter
1632 2285 2137 2355 multitudinem
2195 2287 2555 2355 mulierum
2610 2312 2769 2357 eor-
2808 2316 2813 2322 ·

587 2418 754 2489 pore
784 2406 1110 2487 quaestum
1155 2392 1563 2463 facientium.
1602 2392 1711 2462 Ibi
1743 2418 2010 2488 quoque
2047 2388 2424 2489 emporium
2462 2393 2768 2465 celeber·

589 2502 833 2569 timum
850 2554 869 2587 ‚
889 2500 1070 2568 unde
1095 2500 1248 2569 urbi
1270 2500 1515 2569 Strabo
1544 2525 1813 2570 versum
1850 2499 1935 2570 de
1968 2524 2211 2596 magna
2240 2502 2579 2571 Corintho
2612 2528 2769 2599 pro-

587 2605 798 2679 latum
837 2605 1088 2676 addixit
1115 2634 1131 2676 ε

860 2815 956 2879 Οὐ
997 2813 1234 2891 παντὸς
1273 2802 1496 2903 ἀνδρὸς
1532 2810 1615 2889 εἰς
1647 2810 1945 2904 Κόρινθον
1976 2810 2099 2877 ἔσθ’
2126 2817 2161 2878 ὁ
2205 2817 2424 2891 πλοῦς.

869 2962 1008 3019 Non
1037 2959 1220 3030 cuivis
1245 2956 1553 3016 hominum
1582 2958 1865 3036 contingit
1897 2958 2059 3016 adire
2092 2958 2461 3019 Corinthum.

591 3149 749 3221 vid.
782 3148 1029 3233 strab„
1069 3146 1112 3215 l.
1153 3170 1295 3232 ΧΠ,
1332 3172 1399 3241 p.
1453 3142 1639 3242 557,
1691 3142 1879 3233 558,
1929 3142 2102 3243 559.
2134 3147 2421 3218 Colonia
2456 3166 2642 3241 erat,
2688 3168 2766 3223 ut

470 3286 475 3295 ·
590 3247 782 3352 putat
817 3258 884 3325 V
884 3256 1140 3323 az‘llant
1163 3247 1647 3336 (Numi-§mata
1670 3260 1739 3322 in
1768 3255 2057 3323 coloniis
2088 3278 2290 3357 cusa,
2320 3270 2364 3325 t.
2396 3281 2483 3345 11,
2506 3284 2571 3353 p.
2605 3263 2649 3345 4
2666 3253 2763 3350 5),

593 3365 707 3458 qui
739 3360 1098 3432 Caracallae
1143 3371 1495 3430 nummum
1536 3384 1781 3428 aereum
1829 3362 2107 3432 minoris
2160 3362 2395 3433 formae
2438 3378 2507 3433 et
2545 3368 2761 3437 rario-

591 3493 734 3539 rem
771 3470 969 3538 affert
999 3495 1013 3536 :
1058 3470 1247 3537 ΙΜΡ.
1287 3470 1530 3538 CAES.
1570 3468 1668 3534 M.
1703 3468 1914 3536 AVB.
1949 3470 2503 3552 ANTONINVS.
2532 3476 2763 3569 Caput

591 3576 952 3646 Caracall'ae
981 3576 1373 3644 laureatum.
1406 3578 1490 3641 In
1520 3573 1799 3643 adversa
1829 3590 2055 3668 parte:
2088 3578 2293 3647 COL.
2328 3580 2510 3649 IVL.
2536 3580 2758 3651 AVG.

587 3687 660 3754 F.
699 3684 1326 3757 COMANORVM.
1372 3679 1623 3749 Mulier
1657 3682 1952 3751 tunicata
1995 3697 2064 3751 et
2104 3681 2371 3754 calatho
2406 3701 2649 3756 ornata
2686 3689 2760 3755 in

589 3790 842 3886 templo
879 3790 1148 3884 distylo‚
1185 3788 1494 3857 manibus
1526 3791 1844 3877 extensis,
1879 3789 2115 3859 dextra
2150 3816 2385 3886 gerens
2427 3808 2756 3887 pateram.

586 3900 790 3969 Hunc
820 3920 1176 3967 nummum
1210 3895 1296 3963 ad
1325 3899 1694 3967 Comanam
1730 3897 2181 3992 Cappadociae
2212 3901 2547 3995 pertinere
2576 3900 2759 3969 arbi-

587 4020 805 4075 tratur
842 4008 916 4074 P.
964 4004 1378 4093 HarduinuS,
1423 4030 1490 4101 p.
1549 4030 1574 4075 1
1595 4028 1716 4075 20.
1752 4004 2047 4074 Videant
2085 4008 2316 4077 critici.
2356 4010 2560 4077 Sacra
2602 4032 2757 4102 quae

584 4113 680 4183 ibi
719 4112 1008 4183 Bellonae
1049 4113 1342 4200 fiebant,
1395 4113 1708 4183 videntur
1762 4114 2089 4208 originem
2124 4116 2401 4186 traxisse
2450 4139 2493 4185 a
2546 4116 2753 4185 sacris
