3017 5042
611 463 712 549 64
1051 463 1870 532 SUPPLEMENTA
1928 464 2291 552 VARIA,

719 589 826 656 De
855 589 1062 680 puppi
1087 601 1334 674 autem,
1356 601 1544 680 parte
1568 588 1755 654 navis
1785 587 2070 681 postica,
2094 589 2239 656 haec
2256 588 2543 656 tenenda
2566 603 2744 656 sunt:

614 693 1172 813 quemadmodum
1230 717 1430 786 prora
1495 707 1701 786 caput
1740 695 1926 788 navis
1974 695 2171 786 piscis
2212 747 2233 781 ‚
2284 717 2401 762 seu
2460 696 2751 762 monstri

614 800 847 868 marini
887 801 1173 918 speciem
1216 823 1352 892 prae
1390 823 1459 866 se
1503 797 1795 885 ferebat,
1844 801 1935 868 sic
1986 801 2229 893 puppis
2276 799 2595 885 caudam3
2656 783 2752 867 itai

617 921 692 976 ut
729 908 806 974 in.
837 907 1128 974 nummis
1176 919 1243 972 et
1283 902 1424 974 aliis
1456 906 1901 980 monumentis
1933 903 2302 999 plerisque,
2330 931 2477 998 quae
2514 905 2601 1004 ad
2621 931 2749 974 nos

615 1026 1096 1108 pervenerunt,
1144 1035 1301 1078 vere
1343 1009 1687 1104 delphines
1734 1035 1853 1080 ore
1900 1013 2151 1104 patenti
2204 1036 2473 1080 eernere
2524 1005 2748 1080 existi-

614 1143 846 1188 mares.
887 1121 1095 1186 Porro
1123 1121 1424 1212 puppis,
1463 1141 1611 1210 quae
1650 1118 1900 1185 Graecis
1936 1119 2213 1209 πρυμνα,
2252 1132 2320 1186 et
2345 1119 2558 1211 poetis
2594 1117 2749 1212 όύρὰ

609 1223 885 1311 dicitur,
921 1238 1062 1292 tota
1101 1247 1396 1322 eoncava
1437 1237 1577 1310 est,
1604 1223 1799 1292 ovid.
1838 1225 2111 1292 Metam.
2156 1221 2197 1290 l.
2240 1227 2379 1310 XI,
2421 1249 2484 1290 v.
2528 1223 2685 1348 464
2729 1277 2747 1311 ,

859 1384 1232 1402 ..........
1273 1349 1659 1434 stantemque
1690 1343 1753 1400 in
1780 1363 1983 1421 puppe
2010 1363 2288 1414 recurva,

611 1475 771 1566 quin
808 1485 876 1540 et
921 1470 1117 1540 altior
1137 1485 1204 1540 et
1227 1472 1435 1565 magis
1459 1463 1818 1612 conspicua
1847 1493 2047 1586 quam
2071 1471 2214 1563 ipsa
2256 1495 2475 1564 prora.
2506 1471 2743 1565 Virgil

611 1577 861 1646 AEneid.
897 1579 1109 1663 VIII,
1142 1576 1294 1647 680
1335 1630 1354 1662 ,

849 1699 1016 1756 Stafis
1045 1693 1240 1756 celsa
1222 1717 1284 1754 m
1311 1697 1512 1775 puppi·
1516 1739 2085 1756 ...............

612 1825 825 1917 Hujus
857 1838 1076 1918 partes
1113 1835 1296 1906 sunt,
1316 1835 1394 1888 ut
1428 1846 1645 1914 prorae
1670 1816 2116 1915 παρεξειρεσία,
2143 1821 2209 1889 id
2243 1838 2367 1911 est,
2388 1827 2671 1918 spatium
2702 1854 2747 1896 3

607 1931 834 2026 primis
878 1929 1234 2024 remigibus
1269 1952 1587 2014 vacuum,
1631 1942 1700 1995 et
1730 1928 1940 1994 tribus
1976 1927 2254 2021 spondis
2282 1929 2695 2024 dispertitum
2727 1987 2747 2018 ‚

607 2061 887 2132 quarum
912 2036 1211 2130 superior
1246 2034 1611 2127 περι-τόνειον
1643 2033 1916 2120 dicitur,
1939 2058 2106 2101 zona
2124 2088 2143 2122 ,
2162 2034 2552 2130 plerumque
2582 2064 2744 2108 can—

608 2141 784 2212 cellis
829 2141 1167 2220 distincta‚
1213 2164 1358 2233 quae
1400 2154 1608 2207 totam
1655 2141 1874 2208 navim
1919 2142 2394 2236 circumcingit.
2435 2146 2516 2211 In
2560 2169 2744 2213 non-

607 2247 830 2334 nulliS‚
875 2247 1046 2314 inter
1088 2247 1366 2340 remiges
1413 2260 1480 2313 et
1518 2247 1833 2339 puppim,
1868 2245 2099 2314 eadem
2138 2263 2235 2316 est
2278 2241 2549 2346 πάροδος
2573 2303 2593 2336 ‚
2628 2253 2741 2321 vel

607 2353 987 2447 παρᾶθρανος
1016 2407 1036 2440 ‚
1079 2377 1157 2421 ac
1209 2353 1278 2419 in
1323 2376 1561 2446 prora3
1594 2365 1660 2418 et
1708 2351 1773 2419 in
1826 2351 1953 2421 hac
2017 2361 2205 2447 parte
2248 2353 2699 2448 gubernacula
2724 2413 2745 2444 ‚

608 2485 723 2528 seu
753 2456 922 2526 clavi
955 2459 1248 2552 ejusdem
1273 2459 1525 2544 formae,
1548 2465 1699 2550 'quae
1723 2471 1823 2526 est
1852 2483 2030 2527 nunc
2058 2459 2319 2548 nostriS,
2347 2458 2746 2531 locabantur

606 2566 690 2633 ab
729 2581 1012 2658 utroque
1041 2564 1280 2651 latere3
1309 2588 1463 2632 nam
1510 2561 1643 2630 duo
1680 2578 1888 2631 erant.
1931 2567 2019 2633 Et
2051 2565 2137 2631 ibi
2168 2565 2575 2658 navarchus,
2619 2595 2745 2638 seu

607 2687 857 2759 rector,
891 2670 1176 2739 sedebat.
1211 2673 1288 2738 In
1319 2683 1550 2737 centro
1588 2672 1859 2764 puppis,
1898 2685 1965 2748 et
2000 2673 2173 2738 inter
2208 2673 2495 2786 spoiidas
2534 2700 2743 2769 supe-

607 2779 850 2864 riores,
879 2792 1021 2845 erat
1047 2776 1252 2845 tutela
1279 2778 1500 2861 navis,
1532 2800 1730 2870 quam
1758 2776 1893 2844 noli
1924 2776 2373 2846 confundere
2362 2803 2513 2847 cum
2513 2805 2685 2900 ‘pali
2668 2807 2741 2849 a·

605 2905 822 2972 semo,
871 2883 952 2952 de
1000 2908 1133 2978 quo
1199 2905 1416 2980 supra
1445 2881 1745 2950 diximus.
1806 2879 2257 2976 Parasemon'
2286 2899 2427 2953 erat
2476 2887 2742 2981 signum

604 2989 783 3085 quod
833 3014 1078 3058 nomen
1126 2987 1327 3055 dabat
1372 2989 1569 3072 navi3
1617 2989 1833 3056 tutela
1884 3003 2157 3076 autem,
2218 2976 2403 3084 quasi
2458 2989 2743 3063 tutelare

605 3121 852 3164 numen
881 3149 901 3182 ‚
963 3096 1067 3162 cui
1130 3093 1481 3161 commissa
1542 3108 1683 3160 erat
1741 3096 1927 3162 navis
1984 3120 2163 3163 cura.
2234 3089 2747 3168 Consueverant

602 3205 780 3269 enim
833 3215 1090 3268 veteres
1151 3224 1300 3268 suas
1359 3224 1560 3270 naves
1618 3225 2007 3269 consecrare
2048 3197 2263 3305 elicui
2322 3185 2469 3313 deo.¹
2536 3197 2737 3274 Ovid.

603 3309 796 3376 Trist.
831 3305 871 3374 l.
909 3308 977 3394 Ι,
1009 3304 1111 3373 ΕΙ.
1147 3328 1304 3392 x‚1

842 3431 942 3484 Est
968 3425 1146 3498 mihi,
1183 3426 1413 3504 sitque,
1443 3446 1687 3503 precor,
1725 3429 1887 3484 flavae
1918 3428 2101 3486 tutela
2140 3391 2418 3486 Miriervae

960 3521 1167 3592 Navis;
1198 3533 1258 3578 et
1284 3540 1317 3576 a
1342 3519 1498 3598 picta
1526 3522 1748 3580 casside
1775 3542 1993 3581 nomen
2024 3521 2221 3580 habet.
2318 3533 2325 3545 ¹

603 3656 1034 3726 Parasemon
1053 3649 1254 3742 igitur
1281 3647 1479 3740 hujus
1503 3649 1691 3715 navis
1720 3661 1863 3714 erat
1890 3633 2149 3734 cas-ills,
2178 3651 2485 3720 Minerva
2514 3668 2744 3723 autem

603 3757 838 3870 tutela.
871 3753 1165 3850 Euripid.
1208 3755 1276 3821 in
1310 3753 1613 3845 Iphigen.
1651 3752 1733 3820 de
1768 3752 2043 3822 Achillis
2081 3754 2357 3854 classes

923 3877 1248 3968 Χρυσείαις
1287 3867 1346 3940 δ’
1385 3873 1600 3940 εἰκόσιν

1142 3981 1169 4004 u

923 3985 1090 4050 Κατ’
1127 4007 1314 4074 ακραν
1356 3973 1639 4074 Νηρῇδες
1685 3981 1946 4048 ἕστασαν
1982 3983 2137 4066 Θξαὶ

896 4089 1258 4182 ·Πρυμναις,
1297 4088 1440 4179 σῆμ’
1478 4076 1803 4179 Ᾱχιλλέιου
1839 4097 2127 4180 στρατοῦ.
2170 4116 2175 4122 ·
