3017 5042
858 447 1732 518 chGRAPfflcus.
2179 455 2334 548 249

232 580 769 678 opportunitatem
825 579 953 650 loci
997 595 1063 650 et
1114 583 1311 679 situm
1360 579 1688 649 excelsum
1709 635 1728 668 ,
1774 579 2122 676 collegium
2175 585 2334 653 Am-

230 690 701 784 phictyonicum
719 689 1097 756 institutum
1124 687 1263 755 fuit.
1280 688 1508 776 Quum
1534 685 1780 780 Delphi
1809 689 1876 754 in
1905 688 2124 757 medio
2144 691 2330 759 Grae-

231 797 330 864 ciae
386 797 486 862 siti
538 793 786 877 essent,
836 794 979 862 haec
1038 795 1261 888 opinio
1311 795 1608 861 manavit
1656 793 1834 888 apud
1881 808 2170 882 veteres,
2210 796 2335 865 hos

230 925 351 968 esse
388 903 572 994 quasi
612 899 1012 988 'umbilicum
1059 915 1387 968 terrarum
1429 899 1651 983 orbis3
1683 899 1860 968 unde
1890 901 2031 970 haec
2075 900 2336 989 fabula,

229 1031 353 1100 quae
385 1007 708 1101 reperitur
739 1006 915 1100 apud
943 1006 1331 1094 Pindarum,
1358 1005 1524 1074 duas
1552 1004 1802 1100 aquilas
1827 1007 1911 1074 ab
1943 1010 2108 1075 Jove
2143 1007 2334 1077 simul

228 1113 499 1201 emissas,
528 1137 729 1181 unam
763 1113 848 1180 ab
878 1115 1163 1200 oriente,
1192 1112 1466 1182 alteram
1506 1112 1590 1180 ab
1621 1112 1996 1202 occidente,
2023 1138 2104 1182 eo
2141 1112 2335 1182 simul

227 1221 623 1307 convenisse3
675 1234 1082 1314 quapropter
1134 1219 1627 1288 monstrabatur
1675 1217 2026 1288 umbilicus
2064 1219 2336 1314 quidam

225 1324 281 1390 in
306 1324 543 1419 templo
578 1324 885 1420 delphico
917 1327 1131 1394 fasciis
1162 1323 1451 1412 velatus,
1486 1327 1557 1394 in
1590 1350 1802 1419 eoque
1836 1326 1985 1394 duae
2014 1328 2336 1420 imagines

225 1430 385 1499 istius
427 1430 683 1500 fabulae.
728 1431 943 1500 Facile
986 1433 1108 1501 sibi
1146 1431 1568 1526 persuadebit
1609 1430 1818 1502 lector
1859 1433 2038 1502 hunc
2079 1432 2338 1521 locum,

224 1536 281 1602 in
318 1561 441 1629 quo
481 1539 781 1631 congesti
826 1552 1016 1606 erant
1072 1540 1376 1607 immensi
1415 1538 1709 1607 thesauri
1753 1553 1820 1606 et
1858 1538 2035 1607 dona
2077 1541 2333 1634 pretio-

224 1642 443 1710 sissima
460 1696 480 1730 ,
512 1668 685 1736 saepe
718 1644 1146 1738 cupiditatem
1187 1659 1330 1712 tum
1362 1643 1800 1713 barbarorum
1824 1698 1843 1731 ,
1879 1660 2023 1714 tum
2066 1649 2335 1716 Graeco-

224 1771 351 1816 rum
388 1750 685 1844 ipsorum
723 1763 1010 1818 tentasse
1034 1778 1077 1836 3·
1098 1750 1376 1844 ideoque
1406 1750 1632 1820 multae
1679 1749 2101 1845 spoliationes
2145 1752 2338 1820 factae

223 1852 571 1924 referuntur
626 1856 711 1924 ab
755 1856 1085 1925 historicis
1104 1909 1125 1944 ,
1170 1879 1450 1950 quarum
1497 1858 1846 1951 praecipuae
1891 1858 2334 1927 Phocensium

224 1984 345 2052 quae
396 1961 565 2030 bello
625 1987 816 2032 sacro⁴
858 1975 1081 2031 ortum
1125 1961 1467 2030 dederunt.
1515 1960 1836 2030 Nonnulli
1888 1989 2152 2055 quoque
2193 1977 2334 2031 tra-

224 2064 368 2135 dunt
386 2071 783 2162 Tectosagas
798 2121 818 2155 ‚
838 2070 949 2162 qui
975 2057 1295 2162 delphicae
1320 2066 1722 2161 expeditioni
1743 2067 2191 2136 interfuerunt
2217 2068 2340 2137 sub

223 2173 457 2242 Brenno
482 2175 655 2245 duce
671 2175 1009 2268 ,ingentes
1036 2197 1283 2244 massas
1313 2174 1455 2243 auri
1483 2188 1552 2242 et
1585 2175 1842 2268 argenti
1862 2173 2087 2243 tulisse
2104 2228 2123 2261 ,
2141 2187 2341 2268 atque

222 2276 281 2346 in
304 2283 576 2373 patriam
622 2305 807 2375 suam
840 2268 1253 2376 reportasse3
1283 2305 1430 2374 quae
1464 2279 1892 2374 postmodum
1926 2305 1965 2349 a
1997 2281 2342 2376 Caepione,

221 2384 658 2457 Romanorum
718 2385 921 2472 duce,
980 2385 1236 2457 Tolosae
1286 2387 1574 2455 inventae
1639 2386 1926 2455 fuerunt.
2001 2386 2131 2456 Sed
2191 2389 2345 2456 satis

222 2489 290 2558 sit
336 2492 412 2561 de
461 2494 617 2563 loco
661 2494 1044 2583 notissimo;
1089 2507 1327 2562 caetera
1381 2516 1463 2560 ex
1515 2493 1808 2561 historiis
1847 2493 2134 2588 petenda
2172 2508 2344 2562 sunt.

216 2597 385 2668 Nunc
422 2601 670 2672 rudera
693 2601 1001 2670 visuntur
1038 2600 1109 2668 in
1146 2598 1297 2669 loco
1336 2598 1518 2667 dicto
1569 2601 1811 2669 Castra.

302 2705 542 2778 Dum
588 2697 712 2796 (B.
744 2705 845 2775 AJ.
889 2731 947 2775 c.
990 2730 1083 2800 27
1117 2697 1168 2793 ).
1199 2707 1386 2773 Inter
1426 2701 1554 2774 30ο
1587 2701 1631 2788 {-
1666 2717 1734 2772 et
1781 2700 1912 2773 31⁰
1945 2701 1988 2786 ξ
2029 2703 2167 2792 lat„
2217 2704 2345 2774 28⁰

215 2821 271 2876 et
310 2808 427 2882 30ο
461 2813 503 2898 ζ,-
548 2813 784 2907 longit.
842 2816 1003 2883 Pars
1050 2826 1243 2880 terrae
1287 2833 1433 2904 quae
1476 2811 1651 2879 intra
1695 2808 1833 2877 duo
1873 2808 2012 2878 Nili
2055 2812 2347 2879 maxima

213 2912 455 2988 brachia
492 2921 911 3006 continetur,
949 2916 1083 2988 scil.
1126 2919 1298 2987 inter
1336 2917 1752 3009 Canopicum
1793 2929 1862 2983 et
1896 2914 2346 3001 Pelusiacum,

214 3021 505 3117 incipiens
546 3024 753 3122 paulo
798 3024 972 3094 infra
996 3025 1231 3119 urbem
1260 3021 1690 3116 Memphida,
1721 3035 1788 3088 et
1817 3023 2177 3090 terminum
2225 3023 2344 3092 ha-

214 3124 356 3198 bens
378 3133 461 3201 ad
490 3157 695 3202 mare.
727 3135 887 3200 Duo
912 3132 1089 3200 enim
1115 3132 1239 3199 ista
1263 3129 1537 3199 brachia
1561 3128 1719 3197 hinc
1753 3142 1821 3196 et
1849 3127 2003 3196 inde
2042 3129 2126 3197 ad
2155 3130 2343 3198 occi-

214 3231 455 3306 dentem
495 3239 909 3333 divergentia
954 3251 1021 3306 et
1053 3235 1405 3305 incidentia
1450 3237 1520 3302 in
1559 3259 1741 3303 mare
1778 3233 2343 3304 mediterraneum

215 3363 347 3411 cum
378 3369 455 3413 eo
482 3344 888 3439 triangulum
927 3342 1279 3438 quemdam
1308 3340 1608 3411 efficiunt
1623 3395 1642 3428 ‚
1676 3341 1789 3434 qui
1839 3338 2124 3409 litteram
2164 3366 2339 3435 grae·-

212 3468 341 3516 cam
366 3453 413 3516 Δ
440 3450 730 3546 quodam
748 3449 958 3520 modo
985 3462 1429 3544 repraesentat.
1462 3446 1595 3516 Sed
1622 3448 1794 3516 inter
1832 3448 1958 3514 ista
1988 3447 2122 3515 duo
2159 3471 2337 3541 prae-

209 3551 383 3645 cipua
407 3555 795 3626 diverticula
821 3554 955 3626 Nili
993 3569 1148 3624 sunt
1182 3552 1500 3624 nonnulla
1529 3554 1790 3621 minora
1811 3605 1830 3637 ,
1858 3577 2004 3645 quae
2036 3552 2340 3621 eamdem

208 3653 469 3729 formam
515 3661 1014 3756 triangularem‘
1034 3661 1412 3730 affectantia
1453 3660 1670 3728 Delta
1711 3661 1972 3726 minora
2011 3658 2330 3726 efficiunt.

206 3763 389 3836 Unde
412 3793 549 3838 non
580 3766 749 3836 male
776 3767 1189 3854 Ptolemaeus,
1218 3765 1259 3834 l.
1287 3789 1359 3836 1v
1379 3818 1398 3855 ,
1430 3791 1483 3834 c.
1533 3760 1614 3854 5,
1633 3766 1760 3834 tria
1785 3766 2000 3832 Delta
2025 3778 2334 3832 numerat

204 3857 445 3961 (plura3
491 3872 626 3944 scil.
664 3888 952 3969 quatuor
990 3872 1334 3966 designare
1377 3863 1772 3966 potuisset);
1817 3869 1948 3938 scil.
1982 3893 2332 3962 magnum,

204 3997 469 4064 parvum
496 3995 565 4048 et
593 3982 881 4049 tertium.
905 3978 1077 4049 Vide
1114 3976 1335 4048 locum
1367 3978 1663 4046 citatum.
1704 3977 1918 4043 Delta
1957 3974 2162 4044 efficit
2189 3989 2330 4045 ter-

204 4080 349 4150 tiam
392 4101 648 4178 partem
694 4086 956 4180 AEgypti
992 4108 1171 4156 nunc
1215 4083 1814 4178 frequentissimam
1850 4095 1918 4149 et
1971 4083 2291 4176 optimam
2307 4135 2330 4170 ,

204 4186 463 4263 urbibus
492 4194 624 4262 suis
651 4189 1141 4262 nobilissimam.
