3017 5042
582 431 732 515 428
1174 432 1176 434 ·
1286 389 2002 498 DissER‘rATlo
2062 493 2064 496 ,

582 560 1018 631 interfluente.
1046 563 1111 630 N
1114 585 1190 628 ec
1220 563 1481 655 opinor,
1508 563 1720 655 spatio
1747 562 2108 655 perexiguo
2135 561 2512 628 intermisso
2533 613 2550 647 ,
2585 553 2709 654 opss

581 670 830 761 positas
859 669 1131 735 omnino
1162 669 1532 736 securitatis
1563 666 1916 760 salutisque
1945 667 2088 734 vias
2123 678 2384 734 secutos
2417 691 2560 735 esse
2589 691 2714 734 ma-

549 830 553 834 .
578 775 756 866 jores
785 788 1073 843 nostros.
1107 772 1522 842 Crediderim
1560 774 1812 867 potius,
1851 771 2340 843 similitudinem
2376 797 2414 839 a
2446 775 2714 868 propin-

582 881 833 973 quitate
866 893 1091 948 natam
1108 905 1127 962 ;
1146 879 1241 956 ‚ita
1269 893 1375 965 ut,
1396 877 1574 946 sal'va
1595 879 1805 946 Taciti
1833 877 2238 964 fide,Suevis
2267 877 2514 972 oppida
2541 903 2716 972 quae-

586 986 740 1053 dam
777 999 1014 1054 essent.
1048 987 1297 1054 Gentes
1328 985 1505 1052 enim
1540 985 1608 1050 in
1639 983 1942 1062 confiniis
1977 985 2150 1068 sitae,
2177 1008 2442 1078 semper
2469 1009 2601 1052 una
2637 984 2720 1052 ad

584 1091 861 1160 alteram
902 1089 1261 1174 accedunt,
1296 1105 1365 1159 et
1400 1104 1682 1184 utraque
1717 1091 1956 1158 sensim
1983 1113 2248 1158 morum
2274 1088 2544 1186 alterius
2571 1113 2719 1184 par·

587 1200 796 1292 ticeps
848 1197 943 1264 fit.
1000 1197 1265 1265 Tacitus
1315 1195 1399 1264 de
1448 1198 1754 1266 universa
1803 1195 2160 1265 Germania
2224 1195 2546 1290 loquitur,
2601 1221 2722 1264 nec

582 1319 738 1377 erat,
770 1302 950 1397 quod
985 1316 1261 1396 propter
1295 1316 1769 1396 perangustum
1803 1299 2039 1370 littoris
2073 1316 2363 1371 tractum
2394 1304 2724 1397 exceptio·
2825 1294 2832 1299 ’

586 1435 741 1486 nem
768 1423 1103 1478 statueret.
2379 1494 2386 1496 .

699 1518 805 1584 De
822 1513 1097 1583 urbibus
1112 1528 1181 1583 et
1193 1515 1489 1609 oppidiS,
1508 1515 1689 1609 quod
1713 1515 1797 1584 ad
1817 1516 2176 1584 verborum
2202 1537 2467 1585 sensum
2491 1518 2730 1584 attinet

584 1623 723 1714 jam
760 1635 1104 1714 peractum
1146 1634 1263 1690 est.
1303 1623 1509 1690 Vicos
1543 1645 1722 1690 nunc
1767 1622 2096 1690 adeamus.
2142 1623 2269 1691 Hic
2306 1621 2473 1691 nihil
2513 1623 2733 1691 obstat

594 1753 729 1821 quo
769 1728 987 1796 minus
1023 1751 1178 1796 cum
1216 1725 1318 1796 Cl.
1362 1729 1677 1796 Dulaure
1719 1730 2229 1798 consentiamus,
2269 1730 2384 1796 Ait
2424 1730 2646 1796 enim:
2677 1730 2732 1796 si

595 1835 681 1902 de
717 1833 883 1902 urbe
924 1859 1145 1915 sermo
1182 1843 1283 1902 est
1299 1887 1318 1920 ,
1348 1839 1544 1903 vicus
1583 1833 1942 1903 vertendus
1985 1849 2084 1903 est
2119 1833 2353 1928 gallice
2381 1839 2732 1927 quartia-,-

594 1942 697 2008 sin
754 1941 1007 2025 minuS,
1066 1939 1241 2010 idem
1298 1941 1423 2008 erit
1485 1939 1668 2034 quod
1719 1939 1898 2036 apud
1957 1965 2080 2009 nos
2145 1942 2422 2035 village.
2484 1941 2737 2027 Caesar,

596 2045 705 2114 lib.
738 2049 807 2134 I,
828 2041 879 2132 S
914 2047 1011 2116 28
1030 2099 1051 2132 ,
1074 2071 1283 2140 quum
1308 2045 1648 2116 Helvetios
1669 2045 2050 2134 devicisset,
2087 2047 2282 2140 jussit
2317 2075 2350 2110 c<
2387 2048 2737 2115 restituere

596 2153 773 2245 ipsos
808 2151 1055 2247 oppida
1085 2154 1401 2245 vicosque
1431 2177 1598 2245 quos
1629 2152 2080 2221 incenderant.
2117 2181 2152 2217 2>
2188 2152 2408 2239 Idem,
2449 2150 2566 2220 lib.
2605 2155 2739 2238 ΠΙ,

599 2281 741 2352 cap.
782 2281 917 2351 29,
963 2257 1638 2352 vzeos-aedzflcmque
1681 2258 2018 2346 accendit3
2053 2257 2162 2326 lib.
2207 2262 2309 2328 IV
2337 2313 2356 2346 ,
2399 2283 2548 2352 cap.
2612 2283 2740 2354 19,

598 2363 777 2456 apud
804 2364 1186 2457 Sigambros
1207 2364 1384 2434 idem
1417 2389 1617 2458 quam
1649 2365 1826 2459 apud
1863 2366 2168 2434 Morinos
2202 2365 2396 2452 facit3
2425 2365 2740 2459 denique,
2800 2397 2807 2403 ·

600 2468 708 2538 lib.
754 2472 927 2555 VII,
968 2494 1115 2565 cap.
1173 2467 1259 2542 15
1290 2523 1309 2556 ,
1353 2472 1860 2566 Vercingetorix
1903 2472 2274 2566 Biturigum
2319 2471 2636 2560 oedffi'cioe
2677 2487 2741 2540 et

598 2575 1293 2647 vzeos‘comburendos
1306 2601 1447 2646 esse
1455 2579 1706 2646 statuit.
1723 2579 1938 2646 Miror
1947 2575 2397 2648 adversarium
2414 2592 2741 2663 nostrum,

582 2684 713 2776 qui
758 2697 987 2752 tamen·
1022 2684 1161 2778 ipse
1206 2684 1453 2752 fatetur
1494 2685 1714 2752 vicum
1755 2708 1896 2752 esse
1933 2682 2155 2752 locum
2199 2684 2594 2752 habitationi
2637 2686 2740 2751 in-

601 2791 1032 2876 servientem,
1064 2815 1203 2859 non
1246 2805 1586 2884 reputasse
1623 2792 1692 2858 in
1735 2792 1954 2884 primo
1998 2788 2298 2859 locorum
2339 2815 2542 2884 supra
2595 2788 2740 2858 lau-

602 2895 942 2982 datorum,
966 2920 1199 2966 vocem
1222 2903 1415 2967 vicus
1431 2898 1684 2991 opponi
1703 2899 1852 2965 voci
1869 2897 2212 2992 oppidum.
2231 2899 2392 2965 Haec
2411 2897 2743 2991 oppositio

602 3000 1022 3070 manifestior⁴
1049 3002 1126 3071 fit
1166 3003 1574 3072 conferendo
1609 3029 1756 3096 quae
1797 3002 1977 3098 apud
2006 3006 2336 3072 Caesarem
2364 3017 2520 3098 post
2549 3027 2738 3097 quar·

603 3121 745 3174 tum
770 3105 997 3176 locum·
1016 3111 1236 3178 statim
1264 3109 1779 3204 subsequuntur„
1809 3113 2164 3178 Praeterea
2191 3109 2452 3205 oppida
2477 3106 2748 3178 incendi

602 3228 917 3308 oportere
924 3242 953 3300 ,-
982 3217 1070 3282 ita
1109 3229 1185 3284 ut
1224 3214 1457 3310 procul
1499 3215 1706 3284 dubio
1741 3215 1828 3284 ad
1863 3239 2066 3284 unam
2107 3215 2548 3309 eamdemque
2581 3240 2741 3330 pro-

604 3321 1007 3412 gressionem
1058 3323 1432 3415 pertineant
1482 3321 1788 3410 aedfficia
1801 3374 1824 3406 ,
1884 3327 2026 3390 vici
2078 3337 2148 3390 et
2195 3321 2474 3417 oppida,
2528 3323 2743 3391 Graeci

606 3440 827 3493 autem
846 3479 865 3512 ,
893 3427 1007 3494 ubi
1046 3427 1234 3520 jubet
1277 3430 1499 3498 Caesar
1540 3427 1814 3498 aedificia
1845 3441 1912 3496 et
1951 3430 2134 3496 vicos
2177 3427 2568 3515 incendere,
2599 3453 2742 3495 ver-

604 3545 758 3600 tunt
784 3534 994 3624 κώμας
1022 3534 1123 3600 καὶ
1144 3530 1415 3613 mamea,-
1432 3585 1451 3618 ,
1485 3532 1592 3604 vel
1631 3536 2002 3604 accuratius
2031 3538 2241 3626 κώμας
2275 3534 2378 3601 καὶ
2413 3526 2744 3626 οἰκοδὸμῆ-

606 3664 800 3730 ματα.
842 3638 1059 3710 Iidem.
1094 3639 1287 3723 simul
1318 3666 1397 3710 ac
1428 3640 1509 3711 de
1539 3641 1796 3735 oppidis
1835 3655 1905 3708 et
1941 3642 2102 3710 vicis
2139 3656 2484 3727 narratur,
2517 3641 2744 3708 dicunt

606 3747 813 3822 πόλεις
849 3744 951 3811 καὶ
989 3749 1197 3839 κώμας
1238 3749 1588 3840 ἐνέπρησαν.
1619 3750 1802 3817 Luce
1830 3745 2068 3816 clarius
2108 3761 2244 3834 est,
2277 3759 2346 3815 et·
2379 3748 2659 3833 Graecis,
2683 3760 2746 3813 et

604 3851 960 3937 RomaniS‚
998 3867 1068 3926 et
1102 3852 1309 3922 Gallis
1355 3855 1479 3922 tria
1519 3878 1763 3947 genera
1786 3853 2211 3922 habitationis
2242 3854 2480 3922 usitata
2519 3853 2742 3934 fuisse,

610 3957 778 4024 sicut
824 3971 891 4026 et
935 3959 1127 4028 nobis
1173 3975 1327 4028 sunt
1370 3963 1567 4030 vz'lles
1588 4015 1606 4046 ,
1655 3961 1950 4053 villages
1995 3976 2062 4029 ct
2105 3965 2412 4029 maisons
2432 4014 2451 4045 ,
2495 3982 2743 4054 germa-

611 4063 756 4130 nice
788 4065 1056 4136 Staedte
1074 4119 1093 4150 ,
1148 4065 1429 4157 Dae'fi'·
1446 4121 1465 4150 ,
1504 4067 1659 4136 und
1687 4071 1997 4152 Haeuser.
