3017 5042
523 429 660 497 DE
716 430 1370 499 GALLIARUM
1425 430 2017 517 DIVISIONE.
2183 434 2337 527 409

203 557 348 631 liam
367 611 387 645 ‚
415 583 618 653 quam
647 558 932 642 Plancus
960 559 1216 629 obtinet
1232 576 1296 627 ³³.
1325 562 1609 630 Comata
1635 561 1838 655 igitur
1867 564 2083 633 omnis
2106 567 2341 635 Trans-

200 667 416 763 alpina
434 720 457 754 ,
510 680 752 761 praeter
808 666 1316 736 Narbonensem
1350 692 1388 732 ε·
1427 669 1687 761 Togata
1744 692 1905 737 vero
1962 667 2299 764 Cisalpina
2322 726 2341 758 ,

199 797 398 867 quam
432 771 518 840 ab
556 771 750 841 Italia
785 796 1013 842 amnes
1053 772 1226 861 duo,
1257 772 1521 842 Rubico
1553 797 1593 841 a
1620 798 1863 868 supero
1892 776 2095 863 mari,
2116 778 2343 846 Arnus

203 880 284 948 ab
309 878 557 964 infern,
582 878 1002 949 dirimebant.
1030 879 1236 969 Quod
1258 894 1480 949 autem
1502 880 1598 949 ait
1617 878 1899 968 Plinius,
1926 880 2022 951 ab
2048 882 2345 971 Ancone

203 988 485 1055 Gallica
518 1009 650 1054 ora
688 990 929 1080 incipit
944 1040 967 1072 ,
1026 989 1321 1080 Togatoe
1354 988 1612 1056 Gallice
1651 992 2056 1081 cognomine
2073 1041 2095 1074 ,
2152 990 2219 1060 in
2259 1014 2341 1057 eo

199 1093 514 1162 terminos
555 1090 1026 1186 jurisdictionis
1067 1117 1204 1161 non
1251 1094 1620 1187 spectavit:
1669 1118 1823 1165 nam
1866 1094 1961 1163 ita
1994 1096 2341 1164 Anconem
2394 1120 2401 1127 ·

196 1197 405 1269 Italiae
432 1197 906 1292 adjudicasset3
932 1197 1047 1267 sed
1071 1195 1400 1293 gallorum
1429 1213 1734 1269 veterum
1755 1199 2127 1273 incolarum
2153 1202 2345 1271 ratio-

196 1330 352 1374 nem
401 1304 678 1373 habuit:
728 1305 871 1398 quis
922 1319 1150 1373 autem
1197 1305 1544 1375 Anconem
1589 1307 1681 1376 cis
1728 1307 2147 1377 Rubiconem
2200 1332 2341 1377 esse

197 1412 412 1480 nescit
439 1408 467 1477 ?
696 1474 706 1482 .

301 1516 487 1585 Mela
509 1540 774 1611 quoque
802 1520 1145 1611 Togatam
1166 1520 1469 1589 nominat
1497 1522 1837 1608 Galliam,
1880 1534 1949 1589 et
1973 1522 2097 1608 ait3
2130 1524 2349 1593 Carni

193 1640 264 1692 et
293 1626 550 1693 Veneti
572 1625 810 1693 colunt
845 1639 1161 1719 togatam
1206 1626 1533 1695 Galliam.
1556 1622 1802 1699 ,Placet
1836 1639 2061 1697 autem
2105 1620 2343 1697 Dionis

194 1730 411 1799 verba
445 1730 722 1800 recitare
761 1755 844 1799 ex
873 1729 1045 1799 libro
1071 1754 1274 1818 nvi,
1305 1756 1452 1829 quae
1478 1730 1828 1827 galliarum
1849 1732 2341 1803 distinctionem

193 1835 554 1905 ostendant
570 1889 591 1923 ‚
620 1835 934 1930 adjuncta
961 1838 1248 1906 nominis
1281 1861 1483 1909 causa
1514 1853 1581 1907 et
1606 1842 1878 1933 Togatae
1908 1853 1976 1907 et
2002 1840 2342 1909 Comatae:

191 1933 457 2029 Λεπίδῳ
495 1945 610 2017 τὴν
649 1928 898 2038 Ῐὸηρίαν
941 1948 1188 2032 πᾶσαν,
1231 1944 1336 2012 καὶ
1368 1948 1482 2012 τὴν
1518 1946 1831 2013 Γαλάτιαν
1871 1945 1985 2014 τὴν
2014 1940 2344 2039 Ναρὸονη-

191 2049 364 2132 clav,
395 2047 693 2135 Αντωνίῳ
730 2042 801 2115 δὲ
837 2051 950 2123 τὴν
978 2052 1200 2124 λοιπὴν
1223 2050 1538 2119 relatvm
1560 2104 1579 2137 ‚
1615 2054 1730 2127 τὴν
1756 2077 1827 2119 τε
1855 2053 2025 2130 ἐντὸς
2058 2059 2183 2119 τῶν
2210 2041 2344 2119 Al-

199 2158 371 2223 πέων
393 2206 416 2239 ‚
454 2154 557 2222 καὶ
593 2156 708 2229 τὴν
746 2156 895 2249 ὑπὲρ
932 2150 1349 2244 αὐτὰς-,οὖσαν
1388 2158 1592 2253 ἀρχεῖν
1622 2149 1895 2234 δοθῆναι·
1934 2156 2214 2227 ἐκάλεῒτο
2240 2157 2347 2225 καὶ

191 2260 396 2335 ἐκείνη
426 2262 532 2353 μὲν
561 2261 826 2355 τόγατα.
854 2266 954 2331 ὅτι
979 2263 1084 2331 καὶ
1115 2262 1542 2358 εἰρηνικωτέρα
1570 2263 1741 2359 παρὰ
1775 2263 1891 2344 τὰς
1920 2261 2115 2345 ἄλλοις
2144 2257 2344 2333 ἐδόκει

185 2363 350 2435 εἶναι
371 2419 390 2451 ,
428 2367 533 2434 καὶ
571 2369 672 2435 ὅτι
709 2367 812 2435 καὶ
852 2379 934 2463 τῇ
977 2368 1188 2445 ἐσθῆτι
1222 2381 1303 2463 τῇ
1341 2356 1639 2466 Ρωμαϊκῇ
1684 2383 1766 2467 τῇ
1808 2371 2033 2465 ἀστικῇ
2074 2374 2343 2466 ἐχρῶντο

187 2466 326 2547 ἤδη
347 2526 366 2560 ,
394 2476 551 2547 αὐτὴ
585 2472 689 2541 καὶ
726 2466 805 2549 δὴ
836 2474 1142 2569 Κόματα,
1173 2477 1274 2545 ὅτι
1311 2476 1371 2542 οἱ
1402 2478 1687 2545 Γαλάται
1724 2478 1781 2545 οἱ
1812 2480 2013 2569 ταύτῃ
2051 2479 2110 2558 ἐς
2149 2479 2343 2571 κόμην

184 2582 268 2649 τὸ
309 2584 598 2648 πλεῖστον
637 2574 752 2659 τὰς
788 2580 1002 2675 τρίχας
1043 2580 1303 2661 ἀνίεντες
1329 2635 1350 2671 ,
1395 2582 1684 2677 ἐπίσημοι
1734 2584 1900 2652 κατὰ
1946 2593 2135 2653 τοῦτο
2175 2582 2345 2678 παρὰ

182 2688 346 2764 τοὺς
383 2682 605 2766 ἄλλους
644 2682 825 2759 ἦσαν.

303 2797 664 2863 Braccata
683 2805 918 2863 restat:
942 2794 1086 2863 haec
1105 2794 1556 2890 Transalpinae
1582 2820 1739 2891 pars
1761 2794 1916 2882 fuit,
1946 2820 2093 2889 quae
2116 2811 2346 2891 postea

182 2898 685 2972 Narbonensis·
704 2899 1062 2969 nominata.
1098 2899 1264 2969 Plin.
1282 2899 1393 2970 lib.
1416 2925 1501 2970 111
1516 2953 1535 2988 ‚
1555 2926 1700 2996 cap.
1724 2905 1771 2986 4
1787 2900 1893 2970 vel
1914 2897 1989 2971 5:
2022 2918 2056 2954 «
2072 2902 2343 2973 Narbo-

181 3005 428 3077 nensis
467 3006 811 3100 provincia
856 3003 1227 3101 appellatur
1266 3032 1422 3103 pars
1473 3006 1818 3103 galliarum
1834 3062 1855 3096 ‚
1894 3033 2041 3101 quae
2082 3010 2345 3079 interno

115 3178 123 3181 .
179 3111 376 3183 mari
414 3109 682 3180 alluitur
697 3165 718 3199 ‚
755 3116 1077 3183 Braccata
1120 3128 1274 3183 ante
1317 3114 1531 3201 dicta,
1567 3138 1763 3183 amne
1800 3117 1986 3184 Varo
2030 3115 2116 3184 ab
2156 3115 2349 3185 Italia

179 3220 491 3289 discreta
513 3270 534 3304 ‚
589 3216 990 3314 Alpiumque
1040 3218 1147 3288 vel
1201 3219 1654 3290 saluberrimis
1705 3222 2015 3291 Romano
2068 3224 2347 3318 imperio

171 3326 422 3421 jugis:
463 3324 503 3392 a
534 3323 787 3419 reliqua
817 3350 980 3395 vero
1019 3324 1271 3416 Gallia,
1309 3326 1517 3397 latere
1552 3327 2118 3421 septemtrionali,
2154 3354 2346 3399 mon-

176 3433 384 3502 tibus
426 3430 787 3519 Gebenna,
827 3444 894 3501 et
927 3436 1107 3501 Jura.
1151 3461 1187 3499 »
1217 3436 1308 3503 Et
1334 3432 1509 3527 Mela
1544 3432 1654 3502 lib.
1684 3457 1775 3522 11,
1800 3458 1947 3529 cap.
1987 3432 2030 3506 3
2060 3461 2075 3502 :
2122 3451 2157 3487 ‘t
2185 3438 2345 3505 Pars

176 3535 441 3610 Galliae
465 3551 697 3606 nostro
715 3538 882 3607 mari
906 3540 1240 3633 apposita,
1267 3540 1393 3609 fuit
1419 3538 1773 3635 aliquando
1794 3544 2141 3628 maccam,
2165 3567 2347 3611 nunc

174 3642 739 3717 Narbonensis.»
769 3645 1006 3714 Cicero
1035 3647 1235 3715 etiam
1258 3648 1328 3714 in
1356 3647 1655 3717 oratione
1682 3649 1751 3715 in
1773 3646 2078 3716 Pisonem
2091 3700 2111 3735 ‚
2139 3652 2349 3717 Brac-

171 3736 607 3823 camillum
638 3754 1074 3846 cognationis
1097 3751 1392 3821 dedecus
1426 3752 1719 3848 appellat
1736 3806 1755 3841 ‚
1794 3752 1976 3847 quod
2007 3777 2173 3823 avus
2206 3754 2349 3846 ejus

171 3870 588 3944 maternuS‚
618 3871 800 3953 trans
832 3854 1034 3952 Alpes
1059 3873 1256 3928 natus
1291 3874 1451 3929 erat.
1487 3863 1580 3929 Et
1599 3860 1671 3927 in
1697 3861 1999 3929 oratione
2026 3885 2151 3955 pro
2176 3862 2347 3930 Fon-

166 3964 346 4059 tejo
361 4016 381 4049 ,
399 3966 706 4058 Sagatos
715 4018 738 4051 ,
768 3968 1284 4059 Braccatosque
1319 3981 1519 4036 vocat
1551 3967 1827 4053 Gallos,
1860 3968 1975 4061 qui
1998 3967 2349 4037 Fonteium

167 4069 613 4142 accusabant
630 4124 649 4159 ‚
688 4094 893 4165 quum
922 4072 1342 4143 Narbonensi
1370 4070 1603 4143 Galliae
1619 4126 1640 4160 ‚
1666 4074 1849 4166 quod
1884 4074 2027 4169 ipsa
2054 4073 2350 4144 declarat
