3017 5042
788 440 1658 512 GEOGRAPHICUS.
2133 467 2267 544 191

203 599 244 644 a
266 573 671 671 scriptoribus
707 597 927 641 rerum
946 627 968 660 ,
1026 579 1097 642 in
1136 574 1351 640 latum
1386 597 1551 642 vero
1561 627 1583 660 ,
1627 579 1824 642 umas
1864 592 1992 644 aut
2022 585 2288 652 σίνοιῒεν·

200 688 418 750 aestc'vae
456 683 620 750 laets
659 684 894 748 z‘tc'nere
909 731 930 764 ‚
978 678 1172 772 quod
1183 703 1311 772 ego
1336 685 1482 774 lpse
1504 704 1652 748 sam
1677 705 2004 769 emensus,
2046 704 2282 758 exten·

200 787 363 855 ditur.
400 791 611 857 Caesar
641 789 809 880 ipse,
850 783 891 852 l.
922 808 1035 870 vr,
1082 809 1135 852 c.
1170 785 1263 854 28
1283 838 1302 870 ,
1334 808 1479 853 eam
1510 785 1670 854 dicit
1693 806 1731 854 a
1758 789 1917 882 ripis
1962 791 2178 860 Rheni
2204 795 2281 862 fi-

201 893 481 986 nibusque
505 894 927 960 Trevirorum
966 891 1049 958 ad
1084 893 1366 960 Nervios
1400 894 1768 985 pertinere;
1799 910 1868 962 et
1901 893 1940 962 l.
1975 919 2022 963 v
2042 951 2061 984 ,
2093 923 2147 966 c.
2200 897 2282 989 3,
2328 915 2335 921 ·

199 1021 229 1064 a
252 997 491 1067 flumine
514 999 751 1067 Rheno
789 997 873 1064 ad
908 998 1165 1065 initium
1190 999 1595 1068 Remorum:
1633 999 1807 1068 unde
1831 1000 2114 1072 ambitus
2142 1005 2282 1098 ejus
2396 1037 2404 1044 ·

199 1102 353 1172 facile
380 1119 590 1198 potest
607 1105 886 1198 percipi:
918 1101 1089 1170 male
1116 1101 1263 1171 loco
1287 1104 1393 1172 cit.
1422 1105 1702 1174 Orosius
1733 1120 1800 1173 et
1827 1121 2080 1195 noster,
2108 1108 2146 1176 l.
2163 1134 2240 1180 vr
2263 1165 2283 1200 ,

204 1233 311 1302 29,
330 1225 649 1304 reponunt
672 1213 770 1296 D,
793 1211 905 1301 qui
944 1206 1155 1277 multo
1179 1207 1437 1304 longior
1457 1235 1656 1304 quam
1683 1235 1805 1305 par
1833 1229 1934 1282 est
1966 1237 2283 1288 numerus

197 1315 419 1384 videtur
457 1343 471 1384 z
499 1341 653 1385 nam
682 1339 721 1382 a
757 1315 1047 1383 fontibus
1090 1314 1276 1382 Sabis
1296 1368 1315 1401 ‚
1344 1341 1463 1409 per
1484 1331 1776 1385 tractum
1814 1321 2286 1418 Luxemburgi-

196 1443 319 1488 cum
344 1437 405 1490 et
425 1425 847 1490 Trevirorum
875 1445 953 1488 ac
981 1419 1420 1489 Leodensium
1454 1421 1651 1508 fines,
1672 1422 1908 1493 limites
1929 1452 2065 1495 non
2093 1451 2281 1499 exce-

195 1523 329 1596 dunt
340 1531 509 1598 CLX
526 1527 683 1595 mill.
698 1525 1068 1622 pass.Unde
1080 1528 1449 1596 D’Anville
1466 1529 1732 1620 conjicit
1751 1527 2125 1624 legendum,
2137 1548 2282 1604 tum

198 1630 246 1698 h.
269 1631 302 1700 l.
337 1648 467 1702 tum
494 1636 561 1702 in
586 1637 750 1703 Caes,
782 1631 892 1700 lib.
922 1655 997 1700 v1
1016 1683 1037 1718 ‚
1068 1629 1349 1724 amplius
1378 1634 1497 1701 CL
1523 1633 1682 1702 mill.
1715 1661 1882 1727 pass.
1917 1641 2058 1708 Etsi
2087 1640 2285 1711 hodie

196 1761 397 1832 magna
431 1765 509 1809 ex
534 1753 726 1835 parte
761 1736 1119 1805 Arduenna
1148 1736 1309 1804 silva
1345 1739 1562 1806 excisa
1599 1741 1680 1807 sit
1716 1753 1784 1807 et
1818 1739 2092 1812 culturae
2135 1747 2284 1816 red-

114 1849 125 1866 ‘
195 1841 335 1928 dita,
362 1860 574 1916 tamen
618 1871 657 1914 a
684 1845 921 1913 Rheno
946 1843 1031 1910 ab
1070 1843 1321 1911 oriente
1358 1843 1442 1911 ad
1471 1843 1877 1913 occidentem
1923 1846 2055 1917 scil.
2093 1852 2282 1944 juxta

198 1949 477 2024 Coblentz
498 2006 520 2038 ,
550 1975 763 2044 usque
803 1949 888 2018 ad
933 1949 1164 2017 urbem
1202 1953 1411 2018 Mons
1452 1974 1537 2018 en
1579 1953 1922 2038 Hal'naut,
1957 1968 2027 2023 et
2063 1979 2100 2024 a
2143 1983 2279 2026 me-

193 2054 327 2124 ridie
358 2082 558 2152 usque
603 2057 690 2126 ad
734 2057 1235 2150 septemtriones
1253 2106 1272 2140 ‚
1312 2055 1445 2125 scil.
1488 2055 1573 2123 ab
1607 2056 1774 2125 urbe
1801 2061 2043 2146 Metis,
2071 2087 2281 2157 usque

194 2159 259 2226 ad
277 2163 692 2233 Leodicenses
727 2162 924 2255 hujus
949 2163 1226 2256 vestigia
1252 2187 1387 2231 non
1418 2161 1686 2230 indubia
1719 2187 2169 2257 permansere,
2204 2184 2282 2238 ut

194 2268 452 2338 omnibus
493 2284 731 2340 notum
776 2281 916 2336 est:
954 2269 1046 2335 ita
1074 2269 1445 2336 Caesariana
1476 2268 1828 2362 descriptio
1865 2287 2175 2342 accurata
2212 2289 2280 2345 et

188 2369 330 2460 justa
366 2391 583 2470 posset
620 2375 858 2459 videri,
898 2372 1259 2442 dummodo
1297 2373 1670 2443 emendatio
1707 2400 1908 2471 supra
1939 2383 2278 2475 proposita
2395 2415 2410 2428 ,

192 2480 563 2574 reciperetur.
610 2480 847 2550 Strabo
890 2479 1092 2547 habet
1134 2482 1234 2549 IV
1279 2479 1436 2549 mill.
1480 2479 1643 2550 stad.

190 2627 195 2635 ·
270 2587 670 2658 Anncomcl.
710 2585 882 2655 Vide
925 2584 1171 2655 Volcae.

269 2692 581 2764 ARELATE
624 2685 742 2782 (B.
772 2693 847 2760 C.
889 2715 950 2776 1,
984 2683 1148 2778 36).
1196 2677 1333 2775 43⁰
1356 2689 1399 2773 ξ
1438 2688 1716 2778 latitud,
1756 2695 1842 2760 2⁰
1876 2691 1920 2780 -ζ-
1955 2694 2273 2790 longitud.

191 2795 455 2868 Straboni
484 2790 835 2894 Ᾰρελοίται,
865 2796 1219 2866 Ptolemaeo
1246 2786 1562 2890 Ᾰρελᾶτον
1597 2801 1882 2866 Κολώνια
1931 2814 2000 2868 et
2039 2826 2276 2898 empo-

189 2900 342 2972 rium.
372 2907 716 2975 Itinerario
750 2902 1235 2996 Hierosolymit.
1284 2903 1537 2972 Civitas
1562 2904 1883 2988 Arelate;
1911 2907 2276 2980 multarum

186 3012 483 3080 civitatum
512 3012 721 3080 decas
749 3009 1139 3078 Marcellino
1159 3062 1178 3096 ‚
1217 3009 1503 3078 Gallula
1535 3012 1759 3078 Roma
1787 3011 2030 3080 dicitur
2058 3016 2272 3084 Auso·

188 3114 291 3182 nio.
323 3118 528 3186 Hodie
562 3118 808 3201 Arles,
848 3114 935 3183 ad
970 3114 1370 3184 Rhodanum
1412 3117 1567 3202 sita,
1611 3113 1810 3209 paulo
1854 3117 2026 3185 infra
2057 3119 2280 3191 locum

187 3217 279 3286 ubi
301 3221 535 3292 flumen
576 3249 645 3292 se
669 3225 736 3291 in
766 3222 899 3289 duo
928 3221 1199 3289 brachia
1222 3220 1469 3288 dividit.
1500 3219 1758 3289 Tabula
1776 3225 2280 3318 peutingeriana

187 3320 399 3397 habet:
440 3331 758 3399 Arelate.
810 3367 912 3378 —-
964 3328 1292 3397 XXXIII.
1339 3367 1446 3376 —
1490 3331 1730 3396 Fosszls
1782 3333 2132 3402 Marianas
2173 3349 2307 3386 -—-‘

185 3428 471 3503 XXXIII.
514 3475 625 3486 --
675 3435 1014 3505 Calcaria.
1062 3473 1169 3484 -—-
1204 3434 1424 3500 XXX.
1476 3473 1582 3484 -—-
1636 3437 1964 3505 Massilia
2017 3442 2278 3509 Areco-

183 3557 318 3606 rum.
370 3542 701 3610 Mensurae
752 3553 906 3608 sunt
953 3537 1151 3608 falsae.
1211 3537 1464 3606 Tabula
1513 3552 1732 3607 tamen
1795 3541 1986 3610 nobis
2033 3546 2280 3614 indicat

183 3662 303 3732 quoe
341 3662 506 3715 esset
540 3660 701 3715 tunc
744 3649 971 3715 Fossa
1017 3649 1355 3713 Mar-lana
1373 3697 1395 3730 ,
1445 3668 1646 3737 quam
1705 3645 1936 3715 dicunt
1983 3650 2280 3719 canalem

183 3743 590 3822 fabrefactum
633 3751 947 3820 adversus
988 3749 1293 3820 Cimbros
1313 3803 1332 3837 ‚
1368 3749 1453 3818 ad
1502 3749 1674 3819 latus
1716 3753 2046 3822 sinistrum
2064 3757 2279 3826 ‘Rho-

185 3849 331 3923 dani.
374 3860 530 3930 Non
578 3856 789 3928 solum
835 3856 943 3926 illa
986 3854 1231 3926 canalis
1272 3869 1441 3942 erat3
1484 3856 1599 3924 sed
1649 3871 1716 3925 et
1757 3859 1825 3924 in
1867 3882 2017 3926 eum
2059 3859 2280 3933 locum

184 3955 475 4033 immensa
502 3980 569 4034 et
598 3963 950 4059 magnifica
980 3976 1121 4031 erat
1152 3962 1445 4056 porticus
1482 3961 1980 4032 semicircularis
2015 3965 2280 4058 formae,

183 4052 275 4149 (in
306 4069 525 4142 tabula
554 4072 854 4166 Peuting.
888 4059 1193 4165 depicta)
1225 4069 1365 4138 sine
1395 4066 1598 4138 dubio
1631 4069 1700 4138 in
1733 4069 2060 4143 honorem
2087 4076 2285 4146 Marii
2315 4151 2327 4160 ,
