3017 5042
664 472 810 542 312
1556 467 1909 540 INDEX

661 621 766 674 tes
798 620 867 674 et
907 602 1265 672 Tenctheri
1298 600 1404 673 ad
1429 601 1737 673 Rhenum
1754 615 2247 698 pervenerunt,
2282 623 2463 695 quas
2494 605 2791 696 regiones

661 715 981 807 Menapii
995 709 1410 796 incolebant,
1433 725 1505 777 et
1518 708 1624 778 ad
1634 723 1995 803 atramque
2008 713 2233 803 ripam
2223 705 2553 798 fluminis
2567 731 2789 803 agros,

661 818 994 913 cedzficia,
1027 822 1352 911 vicosque
1384 813 1754 885 habebant.
1793 814 1976 903 Quid
2006 814 2113 883 his
2142 814 2363 884 verbis
2394 813 2795 910 expressius?

661 925 902 994 Strabo
927 947 1192 1018 quoque
1214 924 1462 992 Caesari
1484 923 1864 1008 assentitur,
1881 921 2107 991 dicens
2130 923 2480 1016 Menapios
2513 946 2596 990 ex
2625 936 2793 990 utro-

663 1055 792 1125 que
835 1031 1157 1100 ostiorum
1199 1029 1418 1099 Rheni
1460 1027 1667 1098 latere
1714 1027 1987 1122 paludes
2030 1051 2111 1097 ac
2154 1027 2371 1122 sylvas
2412 1026 2761 1098 incoluisse
2779 1081 2797 1116 ‚

664 1140 888 1231 eisque
932 1135 1226 1206 confines
1267 1136 1468 1205 fuisse
1494 1137 1798 1205 Morinos
1830 1133 1914 1204 ad
1944 1158 2127 1203 mare
2150 1159 2165 1202 ε
2191 1148 2261 1203 at
2275 1136 2545 1204 Tacitus
2584 1135 2797 1204 Mena-

612 1293 616 1303 ,
663 1246 812 1338 pios
839 1270 876 1313 a
901 1243 1140 1314 Rheno
1167 1257 1504 1330 removet,
1530 1257 1599 1312 et
1619 1243 2043 1312 Cismosanos
2072 1241 2231 1310 facit
2253 1241 2361 1311 his
2387 1241 2642 1311 verbis:
2667 1244 2799 1310 Mo-

661 1375 818 1419 sam
843 1364 1530 1436 amnem-cranseunt‚
1556 1364 1631 1418 ut
1667 1352 2077 1444 Menapios,
2115 1363 2187 1416 et
2212 1351 2565 1436 Morinos,
2597 1363 2677 1417 et
2702 1373 2800 1417 ex-

665 1473 884 1525 trema
919 1457 1305 1526 Galliarum
1332 1471 1710 1551 quaterent.
1746 1454 2141 1525 Ptolemaeus
2168 1479 2433 1549 quoque
2460 1456 2799 1550 Menapios

667 1563 753 1631 ad
793 1565 964 1632 ostia
1005 1565 1216 1633 Mosae
1259 1561 1544 1633 collocat
1563 1617 1582 1650 ,
1622 1576 1690 1631 et
1728 1560 1977 1631 Plinius
2019 1563 2370 1656 Menapios
2410 1586 2551 1630 non
2588 1562 2796 1630 Rheni

667 1669 944 1756 accolis,
985 1695 1102 1738 seu
1133 1671 1508 1739 Germaniae
1550 1668 1847 1738 inferiori
1868 1721 1887 1758 ,
1919 1668 2033 1737 sed
2060 1665 2275 1764 Belgis
2295 1668 2719 1758 adnumerat,
2742 1681 2799 1736 et

665 1777 844 1845 inter
882 1779 1146 1846 Mosam
1183 1791 1252 1846 et
1285 1775 1575 1846 Scaldim
1615 1776 1848 1870 ponit:
1881 1797 1931 1843 a
1966 1773 2211 1845 Scalde·
2242 1777 2553 1844 incolunt
2572 1778 2809 1844 Mena(

660 1888 798 1977 pz‘z‘,
842 1887 1119 1952 Morini.
1157 1885 1357 1952 Forte
1391 1886 1650 1970 Caesar,
1685 1906 1893 1976 quum
1926 1896 2180 1951 tantam
2221 1880 2647 1950 latitudinem
2679 1883 2799 1951 Me-

666 1991 1022 2084 napiorum
1058 1990 1238 2086 genti
1281 1988 1494 2077 dedit,
1525 2013 1661 2058 uno
1689 1989 1958 2057 nomine
1999 1988 2297 2058 diversos
2330 1987 2621 2084 populos
2658 1988 2798 2083 ejus-

667 2094 819 2164 dem
851 2097 1153 2190 originis,
1182 2110 1250 2165 et
1278 2097 1516 2165 eodem
1538 2097 1690 2164 vitae
1719 2120 1961 2191 genere
1984 2109 2244 2164 utentes
2270 2095 2797 2190 comprehendit3

669 2201 842 2270 forte
875 2225 1143 2296 quoque
1172 2201 1309 2295 jam
1339 2201 1753 2296 temporibus
1786 2203 2028 2292 Taciti,
2056 2200 2389 2272 Ptolemaei
2424 2215 2494 2270 et
2526 2200 2715 2270 Plinii
2740 2199 2799 2268 fi-

669 2332 786 2376 nes
825 2308 1294 2401 Menapiorum
1325 2330 1366 2374 a
1394 2307 1695 2376 barbaris
1726 2310 2103 2377 Germaniae
2139 2308 2446 2403 gentibus
2476 2309 2694 2403 exigui
2722 2307 2798 2375 fa-

671 2416 762 2482 cti
803 2413 1097 2482 fuerunt.
1137 2412 1420 2482 Videtur
1448 2415 1645 2482 etiam
1674 2438 1756 2482 ex
1789 2413 2065 2499 diversis
2098 2415 2428 2484 chronicis
2462 2429 2532 2484 et
2565 2415 2797 2484 chartis

671 2522 1022 2614 Menapios
1057 2520 1426 2615 insequenti
1463 2536 1764 2615 tempore
1794 2518 2138 2616 paululum
2168 2544 2208 2590 a
2238 2523 2435 2590 Mosa
2470 2523 2795 2594 recessisse

671 2628 975 2697 Morinos
1001 2651 1264 2715 versus,
1286 2640 1354 2696 et
1388 2641 1531 2696 tum
1556 2627 1924 2715 Brabantii,
1954 2641 2098 2695 tum
2120 2626 2445 2696 Flandriae
2466 2643 2688 2723 partes
2705 2625 2797 2696 ali·

670 2748 836 2827 quot
861 2735 1328 2828 occupavisse:
1355 2759 1625 2829 quoquo
1652 2733 1855 2804 modo
1889 2733 1957 2803 id
1990 2733 2242 2802 factum
2270 2734 2501 2823 fuerit,
2526 2758 2567 2803 a
2590 2733 2793 2804 verbis

672 2842 954 2910 Caesaris
996 2841 1307 2910 recedere
1349 2841 1541 2910 nobis
1585 2866 1722 2909 non
1764 2839 1967 2910 licuit.
2010 2842 2308 2936 Menapii
2356 2842 2559 2936 igitur
2599 2841 2794 2910 habe-

671 2946 838 3014 bant
875 2947 961 3015 ad
1003 2947 1547 3042 septemtrionem
1582 2949 1850 3017 Mosam
1888 2962 1957 3016 et
1981 2947 2295 3018 Rhenum
2325 2947 2411 3016 ab
2444 2947 2657 3017 insula
2685 2950 2793 3016 Ba-

672 3066 1020 3141 tavorum3
1059 3053 1144 3121 ad
1187 3055 1423 3122 orient.
1467 3055 1785 3124 Rhenum
1813 3068 1881 3123 et
1908 3053 2201 3124 diversas
2242 3056 2617 3124 Germaniae
2651 3078 2791 3148 gen·

672 3172 809 3246 tes3
851 3158 937 3228 ad
979 3159 1318 3241 meridiem
1355 3160 1703 3230 Eburones
1744 3175 1812 3230 et
1842 3161 2342 3247 Ambivaretos3
2380 3161 2466 3230 ad
2499 3183 2792 3231 occasum

671 3289 856 3333 mare
897 3279 965 3334 et
994 3263 1268 3360 paludes
1303 3266 1479 3335 inter
1518 3265 1769 3336 Scaldis
1803 3281 1871 3336 et
1903 3268 2115 3336 Mosae
2158 3268 2342 3336 ostia.
2387 3268 2659 3337 Barbari
2688 3265 2790 3334 ad-

670 3371 946 3440 modum
987 3388 1180 3441 erant
1195 3426 1215 3461 ‚
1261 3387 1330 3442 et
1371 3375 1694 3443 Germani
1738 3372 1886 3469 plus
1925 3399 2126 3468 quam
2158 3372 2355 3444 Galli.
2384 3376 2567 3445 Dion
2592 3374 2793 3443 histo-

670 3478 846 3547 ricus
889 3481 1239 3574 Menapios
1281 3505 1418 3548 non
1454 3482 1523 3547 in
1566 3479 1873 3568 urbibus,
1912 3480 2123 3550 sedin
2160 3482 2443 3576 tuguriis
2482 3481 2793 3550 habitasse

671 3584 941 3673 scribit3
978 3599 1046 3654 et
1083 3588 1299 3681 reipsa
1343 3599 1546 3680 caput
1584 3587 1796 3682 gentis
1836 3612 1973 3656 non
2014 3602 2157 3656 erat
2191 3587 2392 3677 urbs,
2426 3587 2541 3658 sed
2576 3584 2793 3657 castel-

668 3689 809 3759 lum
844 3717 859 3759 ε
893 3691 1234 3762 castellum
1281 3693 1748 3786 Menapiorum
1794 3686 2037 3784 (hodie
2078 3696 2331 3764 Kessel
2358 3694 2444 3764 ad
2468 3684 2786 3779 Mosam).

669 3797 943 3867 Martial
975 3799 1045 3866 in
1087 3797 1197 3866 lib.
1237 3822 1401 3886 x111,
1438 3824 1557 3868 seu
1590 3800 1659 3868 in
1696 3801 1961 3889 Xeniis,
1987 3801 2194 3896 epigr.
2239 3797 2367 3888 54,
2406 3803 2681 3872 Pernam
2718 3823 2795 3868 ex

669 3905 998 4000 Menapiis
1040 3905 1463 3976 commendat
1502 3906 1634 3977 hoc
1676 3906 1960 3977 disticho
1988 3932 2005 3975 ε

989 4075 1299 4157 Cerretana
1333 4071 1476 4132 mihi
1513 4073 1609 4130 fiet
1626 4115 1643 4144 ,
1670 4073 1763 4131 vel
1794 4073 1967 4138 missa
1996 4071 2192 4131 licebit

1065 4172 1154 4228 De
1188 4171 1490 4250 Menapis:
1517 4170 1663 4228 lauti
1694 4169 1767 4228 de
1802 4184 2078 4248 petasone
2115 4183 2341 4228 vorent.
