3017 5042
1029 421 1713 495 FRAGMENTA
2364 451 2449 528 ¹7

419 557 672 652 Hisque
706 581 902 626 usum
941 560 1017 627 C.
1067 560 1400 627 Caesarem
1441 559 1510 626 in
1547 557 1985 652 vituperando
2024 562 2282 631 Catone
2322 590 2447 634 no-

313 667 550 734 taverit
589 662 913 734 Cicero²¹.
957 667 1083 734 Ex
1128 665 1405 755 Quintil.
1447 664 1559 733 lib.
1602 668 1765 752 III,
1810 689 1865 734 e.
1910 689 1975 760 7.

418 773 516 839 Ut
564 773 888 840 Catonem
941 769 1198 839 Tullius
1248 769 1561 860 laudans3
1602 785 1671 839 et
1707 771 1969 842 duobus
2012 771 2459 847 voluminibus

317 879 540 948 Caesar
575 901 914 948 accusans
943 879 1070 946 Ex
1105 881 1478 946 Marciano
1514 879 1803 974 Capella
1842 878 1958 947 lib.
2000 883 2083 946 V.

390 1047 632 1120 *Atque
665 1041 896 1099 utinam
927 1041 1079 1099 ritus
1104 1052 1360 1106 veteres,
1390 1053 1449 1098 et
1476 1041 1718 1120 publica
1748 1037 1951 1100 saltem

429 1139 537 1196 His
567 1136 786 1194 intacta
814 1133 982 1194 malis
1011 1149 1325 1215 agerentur
1350 1155 1541 1208 sacra;
1574 1137 1679 1195 sed
1712 1157 1918 1196 omnes

429 1237 748 1294 Noverunt
779 1233 1012 1304 Mauri,
1051 1245 1230 1312 atque
1272 1229 1445 1305 Indi,
1478 1251 1613 1312 quae
1644 1233 1884 1310 psaltria
1910 1253 2125 1313 penem

430 1333 752 1412 Majorem‚
783 1349 964 1410 quam
1005 1330 1122 1388 sint
1159 1318 1555 1410 ‘duoNCae‘saris
1595 1330 1976 1392 Anticatones
2008 1354 2021 1390 ε

423 1428 582 1486 ‘Illuc
601 1471 618 1499 ,
663 1439 776 1485 etc.
1301 1431 1386 1486 Ex
1413 1429 1719 1486 Juvenalis
1750 1441 1857 1487 sat.
1886 1433 2006 1502 VI,
2040 1431 2175 1502 334.

418 1581 449 1612 ¹⁸
479 1589 620 1660 Ubi
664 1615 826 1658 vero
871 1588 954 1657 ad
997 1613 1146 1658 eum
1193 1585 1466 1657 allatum
1513 1605 1653 1674 est,
1689 1614 1927 1660 manus
1964 1592 2087 1662 sibi
2134 1595 2460 1667 Catonem

316 1695 636 1766 violentas
680 1694 1006 1784 attulisse,
1041 1694 1332 1764 ostendit
1365 1719 1442 1763 ea
1479 1721 1551 1764 re
1598 1721 1667 1765 se
1703 1697 1997 1766 morderi
2032 1701 2272 1769 Caesar.
2307 1705 2461 1794 Qua

318 1819 474 1874 vero
531 1803 616 1872 de
654 1827 889 1872 caussa
931 1803 1292 1880 obscurum
1338 1815 1454 1870 est.
1499 1803 1610 1870 Ait
1660 1816 1882 1872 autem
1926 1829 1940 1871 ε
1992 1805 2256 1875 invideo
2298 1810 2417 1880 tibi
2442 1863 2463 1896 ‚

322 1912 522 1998 Cato,
559 1910 691 1979 hoc
729 1897 984 1978 lethum
1012 1961 1032 1996 ,
1064 1907 1388 2003 siquidem
1424 1909 1587 1976 mihi
1618 1922 1799 1977 tuam
1840 1908 2119 1980 salutem
2150 1913 2459 1986 invidisti.

316 2018 678 2086 Enimvero
699 2069 719 2104 ‚
758 2040 958 2110 quam
1010 2030 1238 2109 postea
1280 2017 1349 2082 in
1387 2017 1713 2085 Catonem
1762 2014 2151 2086 defunctum
2196 2023 2460 2092 Oratio-

320 2150 469 2193 nem
510 2125 805 2218 scripsit,
835 2148 971 2190 non
1011 2136 1289 2216 apparet
1343 2122 1613 2217 benigni
1667 2120 1773 2190 vel
1814 2121 2153 2218 placabilis
2194 2128 2263 2195 in
2308 2153 2462 2198 eum

318 2231 516 2300 animi
555 2229 804 2300 habere
845 2227 1411 2324 significationem.
1451 2229 1588 2316 Qui
1626 2229 1803 2297 enim
1837 2232 2241 2324 pepercisset
2275 2236 2463 2324 viVO‚

319 2339 385 2405 in
425 2361 628 2431 quem
673 2337 1042 2404 exanimem
1086 2349 1340 2403 tantam
1383 2333 1583 2430 bilem
1629 2334 1997 2404 effuderit?
2035 2338 2265 2408 Paullo
2309 2359 2465 2435 post

321 2468 439 2512 nec
465 2443 848 2537 conjectant
880 2443 1061 2511 hunc
1096 2440 1338 2510 librum
1370 2440 1555 2529 odio,
1582 2439 1697 2509 sed
1726 2439 1904 2510 civili
1933 2442 2291 2515 adductum
2320 2472 2457 2518 am·

317 2549 584 2638 bitione,
607 2562 1133 2618 commentatum
1169 2547 1369 2616 fiiisse
1405 2572 1487 2616 ex
1524 2548 1847 2640 ejusmodi
1884 2573 2115 2619 caussa
2142 2578 2164 2620 .·
2200 2556 2462 2650 scripsit

319 2659 555 2726 Cicero
591 2657 867 2724 Catonis
907 2653 1389 2741 laudationem,
1427 2656 1536 2722 cui
1578 2652 1749 2722 libro
1788 2657 1962 2726 Cato
2005 2682 2251 2726 nomen
2291 2662 2457 2730 indi·

319 2761 449 2851 dit3
484 2764 540 2833 is
585 2763 896 2831 nimirum
944 2757 1252 2831 omnibus
1287 2759 1594 2827 manibus
1632 2759 2007 2848 ferebatur,
2059 2777 2137 2832 ut
2174 2766 2259 2834 ab
2308 2792 2455 2836 ora-

317 2883 458 2938 tore
509 2868 1044 2963 eloquentissimo
1088 2869 1155 2935 in
1199 2880 1595 2960 argumento
1638 2865 1851 2936 factus
1895 2872 2451 2960 praestantissimo.

314 2977 604 3072 Pupugit
631 2974 698 3058 id
727 2977 1089 3062 Caesarem3
1114 2975 1362 3068 quippe
1405 2971 1851 3042 laudationem
1880 2974 2051 3067 ejus,
2080 2977 2194 3070 qui
2222 3002 2457 3050 caussa

315 3085 412 3150 sui
455 3097 762 3152 mortuus
797 3096 941 3150 erat
963 3134 982 3167 ‚
1005 3080 1585 3175 exprobrationem
1618 3080 1719 3147 sui
1760 3081 2050 3150 criminis
2095 3082 2451 3158 arbitratus

315 3204 429 3257 est.
489 3190 767 3282 Scripsit
809 3190 1008 3282 igitur
1062 3201 1296 3256 contra
1330 3186 1821 3256 accusationem
1843 3241 1862 3274 ‚
1913 3187 2136 3266 multis
2184 3191 2251 3258 in
2296 3217 2447 3262 eum

315 3294 606 3364 collectis
647 3294 1064 3381 criminibuS,
1093 3317 1371 3386 eamque
1411 3294 1902 3362 Anticatonem
1934 3293 2284 3390 inscripsit.
2316 3302 2449 3370 Ha-

317 3399 458 3470 buit
483 3416 706 3469 autem
730 3415 1010 3495 uterque
1037 3399 1203 3492 liber
1232 3397 1503 3467 aemulos
1528 3400 1805 3468 Caesaris
1832 3413 1899 3466 et
1922 3401 2195 3471 Catonis
2221 3427 2453 3476 caussa

317 3508 582 3577 multos.
610 3510 822 3594 Plut„
864 3513 934 3576 in
969 3511 1136 3578 Coes.
1168 3529 1224 3574 c.
1271 3501 1404 3593 54,
1427 3520 1601 3572 nost.
1634 3503 1791 3574 edit.
1821 3507 1956 3574 vol.
1991 3509 2147 3595 III,
2169 3534 2243 3603 p.
2276 3508 2318 3579 3
2338 3536 2362 3582 1
2382 3515 2447 3583 8.

421 3607 452 3637 ²*
483 3616 573 3683 At
609 3628 764 3709 post
804 3612 1078 3682 modum
1125 3615 1193 3680 in
1233 3613 1563 3698 oratione,
1594 3635 1726 3704 qua
1770 3614 2078 3708 Ciceroni
2114 3617 2283 3683 Cato
2316 3643 2449 3688 res-

316 3719 567 3817 pondet
587 3776 606 3810 ‚
636 3720 1066 3815 deprecatur,
1101 3743 1185 3787 ne
1221 3719 1366 3812 quis
1399 3717 1688 3786 hominis
1724 3709 2021 3787 militaris
2056 3719 2409 3794 dictionem
2434 3785 2452 3814 ‚

282 3917 288 3922 ὁ
318 3852 468 3896 cum
502 3829 784 3897 oratoris
819 3825 1103 3909 solertis,
1132 3825 1376 3919 quique
1415 3822 1699 3892 multum
1738 3826 1806 3893 in
1841 3848 1921 3892 ea
1957 3851 2031 3894 re
2066 3828 2180 3894 otii
2216 3853 2449 3924 posue-

317 3935 433 4022 rit,
463 3931 839 4028 eloquentia
884 3931 1200 4001 conferat.
1246 3928 1439 4000 Idem
1478 3953 1637 4024 cap.
1688 3927 1771 4014 3,
1798 3931 1933 4000 vol.
1975 3935 2120 4019 III,
2148 3958 2227 4030 p.
2272 3963 2365 4033 27
2387 3963 2446 4009 1.

401 4117 494 4152 αι.
527 4100 594 4151 In
624 4098 834 4170 topicis.

428 4201 558 4266 IV.
1747 4194 1757 4209 ⁰
2008 4204 2082 4264 '2
