<?xml version="1.0" encoding="UTF-8"?>
<!DOCTYPE html PUBLIC "-//W3C//DTD XHTML 1.0 Transitional//EN"
    "http://www.w3.org/TR/xhtml1/DTD/xhtml1-transitional.dtd">
<html xmlns="http://www.w3.org/1999/xhtml" xml:lang="en" lang="en">
 <head>
  <title>
</title>
<meta http-equiv="Content-Type" content="text/html;charset=utf-8" />
  <meta name='ocr-system' content='tesseract 3.04.00' />
  <meta name='ocr-capabilities' content='ocr_page ocr_carea ocr_par ocr_line ocrx_word'/>
</head>
<body>
  <div class='ocr_page' id='page_1' title='image "./caiusjuliuscsar01unkngoog/caiusjuliuscsar01unkngoog_0052.png"; bbox 0 0 3017 5042; ppageno 0'>
   <div class='ocr_carea' id='block_1_1' title="bbox 1063 479 2474 578">
    <p class='ocr_par' dir='ltr' id='par_1_1' title="bbox 1063 479 2474 578">
     <span class='ocr_line' id='line_1_1' title="bbox 1063 479 2474 578; baseline 0.003 -30"><span class='ocrx_word' id='word_1_1' title='bbox 1063 479 1752 551; x_wconf 71' lang='lat' dir='ltr'><strong>FRAGMENTA.</strong></span> <span class='ocrx_word' id='word_1_2' title='bbox 2376 480 2474 578; x_wconf 81' lang='lat'><strong>39</strong></span> 
     </span>
    </p>
   </div>
   <div class='ocr_carea' id='block_1_2' title="bbox 328 611 2477 2306">
    <p class='ocr_par' dir='ltr' id='par_1_2' title="bbox 335 611 2476 1027">
     <span class='ocr_line' id='line_1_2' title="bbox 441 611 2476 708; baseline 0.001 -27"><span class='ocrx_word' id='word_1_3' title='bbox 441 613 616 681; x_wconf 84' lang='lat' dir='ltr'><strong>Hinc</strong></span> <span class='ocrx_word' id='word_1_4' title='bbox 644 613 780 681; x_wconf 81' lang='lat' dir='ltr'><strong>vim</strong></span> <span class='ocrx_word' id='word_1_5' title='bbox 811 613 1125 698; x_wconf 63' lang='lat' dir='ltr'><strong>Caesaris,</strong></span> <span class='ocrx_word' id='word_1_6' title='bbox 1144 611 1436 683; x_wconf 87' lang='lat' dir='ltr'><strong>indolem</strong></span> <span class='ocrx_word' id='word_1_7' title='bbox 1463 611 1657 684; x_wconf 88' lang='lat' dir='ltr'><strong>Coelii</strong></span> <span class='ocrx_word' id='word_1_8' title='bbox 1680 668 1700 702; x_wconf 89' lang='lat'><strong>,</strong></span> <span class='ocrx_word' id='word_1_9' title='bbox 1725 611 2151 708; x_wconf 70' lang='lat' dir='ltr'><strong>subtilitatem</strong></span> <span class='ocrx_word' id='word_1_10' title='bbox 2184 611 2476 702; x_wconf 89' lang='lat' dir='ltr'><strong>Callidii,</strong></span> 
     </span>
     <span class='ocr_line' id='line_1_3' title="bbox 337 720 2474 816; baseline 0.002 -30"><span class='ocrx_word' id='word_1_11' title='bbox 337 720 728 814; x_wconf 81' lang='lat' dir='ltr'><strong>gravitatem</strong></span> <span class='ocrx_word' id='word_1_12' title='bbox 777 721 1002 807; x_wconf 85' lang='lat' dir='ltr'><strong>Bruti,</strong></span> <span class='ocrx_word' id='word_1_13' title='bbox 1047 744 1330 789; x_wconf 83' lang='lat' dir='ltr'>acumen</span> <span class='ocrx_word' id='word_1_14' title='bbox 1379 720 1692 816; x_wconf 87' lang='lat' dir='ltr'>Sulpicii,</span> <span class='ocrx_word' id='word_1_15' title='bbox 1732 720 2163 794; x_wconf 81' lang='lat' dir='ltr'><strong>acerbitatem</strong></span> <span class='ocrx_word' id='word_1_16' title='bbox 2215 723 2474 809; x_wconf 88' lang='lat' dir='ltr'><strong>Cassii,</strong></span> 
     </span>
     <span class='ocr_line' id='line_1_4' title="bbox 336 824 2471 921; baseline 0.002 -29"><span class='ocrx_word' id='word_1_17' title='bbox 336 824 739 919; x_wconf 85' lang='lat' dir='ltr'><strong>diligentiam</strong></span> <span class='ocrx_word' id='word_1_18' title='bbox 801 824 1150 910; x_wconf 85' lang='lat' dir='ltr'><strong>Pollionis,</strong></span> <span class='ocrx_word' id='word_1_19' title='bbox 1194 825 1584 921; x_wconf 85' lang='lat' dir='ltr'><strong>dignitatem</strong></span> <span class='ocrx_word' id='word_1_20' title='bbox 1639 824 1965 896; x_wconf 86' lang='lat' dir='ltr'><strong>Messallae</strong></span> <span class='ocrx_word' id='word_1_21' title='bbox 1986 880 2005 912; x_wconf 94' lang='lat'><strong>,</strong></span> <span class='ocrx_word' id='word_1_22' title='bbox 2056 831 2471 918; x_wconf 75' lang='lat' dir='ltr'><strong>sanctitatem</strong></span> 
     </span>
     <span class='ocr_line' id='line_1_5' title="bbox 335 929 1991 1027; baseline 0 -27"><span class='ocrx_word' id='word_1_23' title='bbox 335 929 524 1000; x_wconf 85' lang='lat' dir='ltr'><strong>Calvi</strong></span> <span class='ocrx_word' id='word_1_24' title='bbox 565 933 990 1027; x_wconf 79' lang='lat' dir='ltr'><strong>reperiemus.</strong></span> <span class='ocrx_word' id='word_1_25' title='bbox 1029 935 1154 1002; x_wconf 74' lang='lat' dir='ltr'><strong>Ex</strong></span> <span class='ocrx_word' id='word_1_26' title='bbox 1197 936 1423 1025; x_wconf 80' lang='lat' dir='ltr'><strong>Quint.</strong></span> <span class='ocrx_word' id='word_1_27' title='bbox 1457 938 1630 1020; x_wconf 88' lang='lat' dir='ltr'><em>XII,</em></span> <span class='ocrx_word' id='word_1_28' title='bbox 1690 957 1820 1020; x_wconf 87' lang='lat'><strong>10,</strong></span> <span class='ocrx_word' id='word_1_29' title='bbox 1880 957 1991 1024; x_wconf 76' lang='lat'><strong>11.</strong></span> 
     </span>
    </p>

    <p class='ocr_par' dir='ltr' id='par_1_3' title="bbox 328 1034 2475 1987">
     <span class='ocr_line' id='line_1_6' title="bbox 434 1034 2471 1134; baseline 0.001 -27"><span class='ocrx_word' id='word_1_30' title='bbox 434 1037 837 1129; x_wconf 82' lang='lat' dir='ltr'><strong>.Adstrictior</strong></span> <span class='ocrx_word' id='word_1_31' title='bbox 859 1037 1128 1121; x_wconf 85' lang='lat' dir='ltr'><strong>Calvus,</strong></span> <span class='ocrx_word' id='word_1_32' title='bbox 1145 1034 1567 1110; x_wconf 74' lang='lat' dir='ltr'><strong>numerosior</strong></span> <span class='ocrx_word' id='word_1_33' title='bbox 1600 1041 1882 1128; x_wconf 85' lang='lat' dir='ltr'><strong>Asinius,</strong></span> <span class='ocrx_word' id='word_1_34' title='bbox 1902 1037 2309 1134; x_wconf 84' lang='lat' dir='ltr'><strong>splendidior</strong></span> <span class='ocrx_word' id='word_1_35' title='bbox 2328 1041 2471 1110; x_wconf 83' lang='lat' dir='ltr'><strong>Cae-</strong></span> 
     </span>
     <span class='ocr_line' id='line_1_7' title="bbox 332 1144 2473 1242; baseline 0.001 -29"><span class='ocrx_word' id='word_1_36' title='bbox 332 1167 470 1231; x_wconf 87' lang='lat' dir='ltr'><strong>sar,</strong></span> <span class='ocrx_word' id='word_1_37' title='bbox 496 1145 789 1214; x_wconf 88' lang='lat' dir='ltr'><strong>amarior</strong></span> <span class='ocrx_word' id='word_1_38' title='bbox 814 1144 1101 1234; x_wconf 79' lang='lat' dir='ltr'><strong>Coelius,</strong></span> <span class='ocrx_word' id='word_1_39' title='bbox 1133 1148 1400 1240; x_wconf 85' lang='lat' dir='ltr'><strong>gravior</strong></span> <span class='ocrx_word' id='word_1_40' title='bbox 1429 1149 1673 1216; x_wconf 86' lang='lat' dir='ltr'><strong>Brutus</strong></span> <span class='ocrx_word' id='word_1_41' title='bbox 1690 1201 1708 1234; x_wconf 92' lang='lat'><strong>,</strong></span> <span class='ocrx_word' id='word_1_42' title='bbox 1743 1146 2203 1215; x_wconf 86' lang='lat' dir='ltr'><strong>vehementior</strong></span> <span class='ocrx_word' id='word_1_43' title='bbox 2236 1162 2305 1216; x_wconf 90' lang='lat' dir='ltr'><strong>et</strong></span> <span class='ocrx_word' id='word_1_44' title='bbox 2334 1146 2473 1242; x_wconf 88' lang='lat' dir='ltr'><strong>ple-</strong></span> 
     </span>
     <span class='ocr_line' id='line_1_8' title="bbox 329 1243 2383 1348; baseline 0 -28"><span class='ocrx_word' id='word_1_45' title='bbox 329 1252 480 1320; x_wconf 87' lang='lat' dir='ltr'><strong>nior</strong></span> <span class='ocrx_word' id='word_1_46' title='bbox 522 1265 592 1320; x_wconf 89' lang='lat' dir='ltr'><strong>et</strong></span> <span class='ocrx_word' id='word_1_47' title='bbox 624 1250 954 1321; x_wconf 81' lang='lat' dir='ltr'><strong>valentior</strong></span> <span class='ocrx_word' id='word_1_48' title='bbox 989 1254 1248 1322; x_wconf 90' lang='lat' dir='ltr'><strong>Cicero.</strong></span> <span class='ocrx_word' id='word_1_49' title='bbox 1283 1243 1412 1322; x_wconf 31' lang='lat' dir='ltr'><strong>Ex*</strong></span> <span class='ocrx_word' id='word_1_50' title='bbox 1448 1255 1756 1348; x_wconf 80' lang='lat' dir='ltr'><strong>Dialogo</strong></span> <span class='ocrx_word' id='word_1_51' title='bbox 1799 1253 1886 1321; x_wconf 84' lang='lat' dir='ltr'><strong>de</strong></span> <span class='ocrx_word' id='word_1_52' title='bbox 1930 1255 2123 1323; x_wconf 82' lang='lat' dir='ltr'><strong>Orat.</strong></span> <span class='ocrx_word' id='word_1_53' title='bbox 2163 1277 2220 1322; x_wconf 85' lang='lat' dir='ltr'><strong>c.</strong></span> <span class='ocrx_word' id='word_1_54' title='bbox 2266 1249 2383 1323; x_wconf 86' lang='grc'><strong>25.</strong></span> 
     </span>
     <span class='ocr_line' id='line_1_9' title="bbox 333 1349 2474 1455; baseline 0.002 -29"><span class='ocrx_word' id='word_1_55' title='bbox 333 1446 340 1455; x_wconf 28' lang='lat'><strong><em>¹</em></strong></span> <span class='ocrx_word' id='word_1_56' title='bbox 433 1349 466 1381; x_wconf 74' lang='lat'><strong>’¹‘</strong></span> <span class='ocrx_word' id='word_1_57' title='bbox 505 1358 771 1428; x_wconf 87' lang='lat' dir='ltr'><strong>Dicitur</strong></span> <span class='ocrx_word' id='word_1_58' title='bbox 801 1372 1058 1446; x_wconf 89' lang='lat' dir='ltr'><strong>autem,</strong></span> <span class='ocrx_word' id='word_1_59' title='bbox 1117 1373 1182 1428; x_wconf 87' lang='lat' dir='ltr'><strong>et</strong></span> <span class='ocrx_word' id='word_1_60' title='bbox 1235 1357 1320 1427; x_wconf 87' lang='lat' dir='ltr'><strong>ad</strong></span> <span class='ocrx_word' id='word_1_61' title='bbox 1363 1359 1689 1428; x_wconf 89' lang='lat' dir='ltr'><strong>urbanam</strong></span> <span class='ocrx_word' id='word_1_62' title='bbox 1736 1359 2115 1428; x_wconf 83' lang='lat' dir='ltr'><strong>facundiam</strong></span> <span class='ocrx_word' id='word_1_63' title='bbox 2154 1383 2193 1427; x_wconf 91' lang='lat' dir='ltr'><strong>a</strong></span> <span class='ocrx_word' id='word_1_64' title='bbox 2235 1373 2474 1430; x_wconf 82' lang='lat' dir='ltr'><strong>natura</strong></span> 
     </span>
     <span class='ocr_line' id='line_1_10' title="bbox 330 1463 2473 1560; baseline 0.002 -28"><span class='ocrx_word' id='word_1_65' title='bbox 330 1463 616 1534; x_wconf 84' lang='lat' dir='ltr'><strong>maxime</strong></span> <span class='ocrx_word' id='word_1_66' title='bbox 677 1464 878 1534; x_wconf 86' lang='lat' dir='ltr'><strong>fuisse</strong></span> <span class='ocrx_word' id='word_1_67' title='bbox 933 1480 1400 1558; x_wconf 87' lang='lat' dir='ltr'><strong>comparatus;</strong></span> <span class='ocrx_word' id='word_1_68' title='bbox 1466 1468 1937 1560; x_wconf 88' lang='lat' dir='ltr'><strong>ingeniumque</strong></span> <span class='ocrx_word' id='word_1_69' title='bbox 1996 1490 2191 1534; x_wconf 91' lang='lat' dir='ltr'><strong>suum</strong></span> <span class='ocrx_word' id='word_1_70' title='bbox 2242 1466 2473 1536; x_wconf 91' lang='lat' dir='ltr'><strong>sedulo</strong></span> 
     </span>
     <span class='ocr_line' id='line_1_11' title="bbox 330 1569 2469 1659; baseline 0.002 -21"><span class='ocrx_word' id='word_1_71' title='bbox 330 1571 735 1659; x_wconf 85' lang='lat' dir='ltr'><strong>exercuisse,</strong></span> <span class='ocrx_word' id='word_1_72' title='bbox 776 1570 1100 1644; x_wconf 89' lang='lat' dir='ltr'><strong>secundas</strong></span> <span class='ocrx_word' id='word_1_73' title='bbox 1141 1569 1219 1639; x_wconf 74' lang='lat' dir='ltr'><strong>u&#39;t</strong></span> <span class='ocrx_word' id='word_1_74' title='bbox 1260 1573 1429 1640; x_wconf 89' lang='lat' dir='ltr'><strong>citra</strong></span> <span class='ocrx_word' id='word_1_75' title='bbox 1467 1572 1989 1642; x_wconf 89' lang='lat' dir='ltr'><strong>controversiam</strong></span> <span class='ocrx_word' id='word_1_76' title='bbox 2028 1571 2248 1641; x_wconf 86' lang='lat' dir='ltr'><strong>ferret.</strong></span> <span class='ocrx_word' id='word_1_77' title='bbox 2286 1575 2469 1643; x_wconf 76' lang='lat' dir='ltr'><strong>Plat.</strong></span> 
     </span>
     <span class='ocr_line' id='line_1_12' title="bbox 334 1673 2475 1774; baseline 0 -26"><span class='ocrx_word' id='word_1_78' title='bbox 334 1679 506 1748; x_wconf 81' lang='lat' dir='ltr'><strong>Caes.</strong></span> <span class='ocrx_word' id='word_1_79' title='bbox 547 1701 703 1773; x_wconf 83' lang='lat' dir='ltr'><strong>cap.</strong></span> <span class='ocrx_word' id='word_1_80' title='bbox 740 1675 820 1762; x_wconf 82' lang='lat'><strong>3,</strong></span> <span class='ocrx_word' id='word_1_81' title='bbox 853 1677 958 1748; x_wconf 78' lang='lat' dir='ltr'><strong>ed.</strong></span> <span class='ocrx_word' id='word_1_82' title='bbox 1005 1694 1180 1746; x_wconf 85' lang='lat' dir='ltr'><strong>nost.</strong></span> <span class='ocrx_word' id='word_1_83' title='bbox 1220 1693 1264 1746; x_wconf 85' lang='lat' dir='ltr'><strong>t.</strong></span> <span class='ocrx_word' id='word_1_84' title='bbox 1312 1682 1474 1764; x_wconf 93' lang='lat' dir='ltr'><strong>III,</strong></span> <span class='ocrx_word' id='word_1_85' title='bbox 1489 1703 1568 1773; x_wconf 86' lang='lat' dir='ltr'><strong>p.</strong></span> <span class='ocrx_word' id='word_1_86' title='bbox 1607 1701 1777 1774; x_wconf 80' lang='lat'><strong>271.</strong></span> <span class='ocrx_word' id='word_1_87' title='bbox 1804 1673 2035 1759; x_wconf 83' lang='lat' dir='ltr'><strong>Romae</strong></span> <span class='ocrx_word' id='word_1_88' title='bbox 2066 1701 2227 1748; x_wconf 84' lang='lat' dir='ltr'><strong>vero</strong></span> <span class='ocrx_word' id='word_1_89' title='bbox 2264 1679 2475 1749; x_wconf 87' lang='lat' dir='ltr'><strong>multa</strong></span> 
     </span>
     <span class='ocr_line' id='line_1_13' title="bbox 328 1782 2474 1878; baseline 0.002 -27"><span class='ocrx_word' id='word_1_90' title='bbox 328 1783 472 1878; x_wconf 85' lang='lat' dir='ltr'><strong>ejus</strong></span> <span class='ocrx_word' id='word_1_91' title='bbox 527 1786 846 1854; x_wconf 88' lang='lat' dir='ltr'><strong>orationis</strong></span> <span class='ocrx_word' id='word_1_92' title='bbox 901 1785 970 1853; x_wconf 91' lang='lat' dir='ltr'><strong>in</strong></span> <span class='ocrx_word' id='word_1_93' title='bbox 1031 1784 1524 1854; x_wconf 89' lang='lat' dir='ltr'><strong>defensionibus</strong></span> <span class='ocrx_word' id='word_1_94' title='bbox 1583 1782 1833 1852; x_wconf 86' lang='lat' dir='ltr'><strong>effulsit</strong></span> <span class='ocrx_word' id='word_1_95' title='bbox 1882 1799 2213 1854; x_wconf 78' lang='lat' dir='ltr'><strong>venustas,</strong></span> <span class='ocrx_word' id='word_1_96' title='bbox 2288 1787 2474 1855; x_wconf 78' lang='lat' dir='ltr'><strong>Plut.</strong></span> 
     </span>
     <span class='ocr_line' id='line_1_14' title="bbox 335 1891 1893 1987; baseline -0.003 -26"><span class='ocrx_word' id='word_1_97' title='bbox 335 1893 508 1961; x_wconf 82' lang='lat' dir='ltr'><strong>Coes.</strong></span> <span class='ocrx_word' id='word_1_98' title='bbox 556 1915 712 1987; x_wconf 80' lang='lat' dir='ltr'><strong>cap.</strong></span> <span class='ocrx_word' id='word_1_99' title='bbox 763 1894 844 1978; x_wconf 77' lang='grc'><strong>4,</strong></span> <span class='ocrx_word' id='word_1_100' title='bbox 893 1891 1049 1962; x_wconf 75' lang='lat' dir='ltr'><strong>edit.</strong></span> <span class='ocrx_word' id='word_1_101' title='bbox 1095 1905 1270 1960; x_wconf 81' lang='lat' dir='ltr'><strong>nost.</strong></span> <span class='ocrx_word' id='word_1_102' title='bbox 1311 1906 1356 1958; x_wconf 86' lang='lat' dir='ltr'><strong>t.</strong></span> <span class='ocrx_word' id='word_1_103' title='bbox 1403 1895 1562 1977; x_wconf 88' lang='grc' dir='ltr'><em>ΙΙΙ,</em></span> <span class='ocrx_word' id='word_1_104' title='bbox 1591 1915 1669 1985; x_wconf 84' lang='lat' dir='ltr'><strong>p.</strong></span> <span class='ocrx_word' id='word_1_105' title='bbox 1722 1913 1893 1986; x_wconf 87' lang='grc'><strong>272.</strong></span> 
     </span>
    </p>

    <p class='ocr_par' dir='ltr' id='par_1_4' title="bbox 329 1998 2477 2306">
     <span class='ocr_line' id='line_1_15' title="bbox 435 1998 2472 2092; baseline 0.001 -27"><span class='ocrx_word' id='word_1_106' title='bbox 435 1998 537 2066; x_wconf 87' lang='lat' dir='ltr'><strong>Ac</strong></span> <span class='ocrx_word' id='word_1_107' title='bbox 573 1998 737 2067; x_wconf 89' lang='lat' dir='ltr'><strong>mihi</strong></span> <span class='ocrx_word' id='word_1_108' title='bbox 778 2023 862 2066; x_wconf 90' lang='lat' dir='ltr'><strong>ex</strong></span> <span class='ocrx_word' id='word_1_109' title='bbox 906 1998 1158 2066; x_wconf 84' lang='lat' dir='ltr'><strong>Graecis</strong></span> <span class='ocrx_word' id='word_1_110' title='bbox 1199 1999 1532 2067; x_wconf 89' lang='lat' dir='ltr'><strong>orationes</strong></span> <span class='ocrx_word' id='word_1_111' title='bbox 1574 1998 1787 2092; x_wconf 86' lang='lat' dir='ltr'><strong>Lysiae</strong></span> <span class='ocrx_word' id='word_1_112' title='bbox 1824 2007 2148 2084; x_wconf 80' lang='lat' dir='ltr'><strong>ostentat3</strong></span> <span class='ocrx_word' id='word_1_113' title='bbox 2193 2022 2277 2066; x_wconf 82' lang='lat' dir='ltr'><strong>ex</strong></span> <span class='ocrx_word' id='word_1_114' title='bbox 2319 2023 2472 2068; x_wconf 90' lang='lat' dir='ltr'><strong>nos-</strong></span> 
     </span>
     <span class='ocr_line' id='line_1_16' title="bbox 329 2102 2477 2200; baseline 0.003 -32"><span class='ocrx_word' id='word_1_115' title='bbox 329 2102 452 2170; x_wconf 88' lang='lat' dir='ltr'><strong>tris</strong></span> <span class='ocrx_word' id='word_1_116' title='bbox 489 2105 957 2174; x_wconf 86' lang='lat' dir='ltr'><strong>Gracchorum</strong></span> <span class='ocrx_word' id='word_1_117' title='bbox 991 2105 1396 2198; x_wconf 86' lang='lat' dir='ltr'><strong>Catonisque</strong></span> <span class='ocrx_word' id='word_1_118' title='bbox 1421 2158 1440 2190; x_wconf 94' lang='lat'><strong>,</strong></span> <span class='ocrx_word' id='word_1_119' title='bbox 1469 2129 1758 2200; x_wconf 85' lang='lat' dir='ltr'><strong>quorum</strong></span> <span class='ocrx_word' id='word_1_120' title='bbox 1798 2127 1955 2173; x_wconf 89' lang='lat' dir='ltr'><strong>sane</strong></span> <span class='ocrx_word' id='word_1_121' title='bbox 1991 2102 2293 2198; x_wconf 80' lang='lat' dir='ltr'><strong>plurimae</strong></span> <span class='ocrx_word' id='word_1_122' title='bbox 2320 2122 2477 2175; x_wconf 85' lang='lat' dir='ltr'><strong>sunt</strong></span> 
     </span>
     <span class='ocr_line' id='line_1_17' title="bbox 332 2209 2473 2306; baseline 0.001 -29"><span class='ocrx_word' id='word_1_123' title='bbox 332 2209 737 2281; x_wconf 65' lang='lat' dir='ltr'><strong>circumcisae</strong></span> <span class='ocrx_word' id='word_1_124' title='bbox 776 2226 845 2280; x_wconf 90' lang='lat' dir='ltr'><strong>et</strong></span> <span class='ocrx_word' id='word_1_125' title='bbox 884 2211 1138 2280; x_wconf 88' lang='lat' dir='ltr'><strong>breves.</strong></span> <span class='ocrx_word' id='word_1_126' title='bbox 1183 2213 1330 2306; x_wconf 84' lang='lat' dir='ltr'><strong>Ego</strong></span> <span class='ocrx_word' id='word_1_127' title='bbox 1373 2213 1584 2305; x_wconf 87' lang='lat' dir='ltr'><strong>Lysiae</strong></span> <span class='ocrx_word' id='word_1_128' title='bbox 1622 2211 2183 2298; x_wconf 83' lang='lat' dir='ltr'><strong>Demosthenem,</strong></span> <span class='ocrx_word' id='word_1_129' title='bbox 2220 2211 2473 2280; x_wconf 86' lang='lat' dir='ltr'><strong>AEschi-</strong></span> 
     </span>
    </p>
   </div>
   <div class='ocr_carea' id='block_1_3' title="bbox 329 2316 2586 2412">
    <p class='ocr_par' dir='ltr' id='par_1_5' title="bbox 329 2316 2586 2412">
     <span class='ocr_line' id='line_1_18' title="bbox 329 2316 2586 2412; baseline 0.003 -30"><span class='ocrx_word' id='word_1_130' title='bbox 329 2339 517 2402; x_wconf 91' lang='lat' dir='ltr'><strong>nem,</strong></span> <span class='ocrx_word' id='word_1_131' title='bbox 557 2317 1001 2411; x_wconf 87' lang='lat' dir='ltr'><strong>Hyperidem,</strong></span> <span class='ocrx_word' id='word_1_132' title='bbox 1045 2316 1425 2411; x_wconf 89' lang='lat' dir='ltr'><strong>multosque</strong></span> <span class='ocrx_word' id='word_1_133' title='bbox 1462 2333 1821 2412; x_wconf 85' lang='lat' dir='ltr'><strong>praeterea;</strong></span> <span class='ocrx_word' id='word_1_134' title='bbox 1866 2317 2192 2388; x_wconf 89' lang='lat' dir='ltr'><strong>Gracchis</strong></span> <span class='ocrx_word' id='word_1_135' title='bbox 2236 2330 2302 2385; x_wconf 92' lang='lat' dir='ltr'><strong>et</strong></span> <span class='ocrx_word' id='word_1_136' title='bbox 2346 2319 2474 2387; x_wconf 88' lang='lat' dir='ltr'><strong>Ca·</strong></span> <span class='ocrx_word' id='word_1_137' title='bbox 2582 2373 2586 2388; x_wconf 93' lang='lat'><strong>.</strong></span> 
     </span>
    </p>
   </div>
   <div class='ocr_carea' id='block_1_4' title="bbox 328 2421 2489 4324">
    <p class='ocr_par' dir='ltr' id='par_1_6' title="bbox 328 2421 2475 2733">
     <span class='ocr_line' id='line_1_19' title="bbox 328 2421 2475 2518; baseline 0.001 -29"><span class='ocrx_word' id='word_1_138' title='bbox 328 2423 470 2490; x_wconf 86' lang='lat' dir='ltr'><strong>toni</strong></span> <span class='ocrx_word' id='word_1_139' title='bbox 508 2421 874 2494; x_wconf 89' lang='lat' dir='ltr'><strong>Pollionem</strong></span> <span class='ocrx_word' id='word_1_140' title='bbox 894 2477 913 2512; x_wconf 88' lang='lat'><strong>,</strong></span> <span class='ocrx_word' id='word_1_141' title='bbox 942 2425 1273 2493; x_wconf 86' lang='lat' dir='ltr'><strong>Caesarem</strong></span> <span class='ocrx_word' id='word_1_142' title='bbox 1292 2478 1311 2512; x_wconf 93' lang='lat'><strong>,</strong></span> <span class='ocrx_word' id='word_1_143' title='bbox 1343 2423 1661 2512; x_wconf 85' lang='lat' dir='ltr'><strong>Coelium,</strong></span> <span class='ocrx_word' id='word_1_144' title='bbox 1693 2425 2021 2518; x_wconf 81' lang='lat' dir='ltr'><strong>imprimis</strong></span> <span class='ocrx_word' id='word_1_145' title='bbox 2047 2425 2144 2492; x_wconf 90' lang='lat' dir='ltr'><strong>M.</strong></span> <span class='ocrx_word' id='word_1_146' title='bbox 2183 2422 2475 2492; x_wconf 89' lang='lat' dir='ltr'><strong>Tullium</strong></span> 
     </span>
     <span class='ocr_line' id='line_1_20' title="bbox 331 2530 2473 2627; baseline 0.001 -31"><span class='ocrx_word' id='word_1_147' title='bbox 331 2553 639 2623; x_wconf 79' lang='lat' dir='ltr'><strong>oppone,</strong></span> <span class='ocrx_word' id='word_1_148' title='bbox 683 2530 872 2623; x_wconf 88' lang='lat' dir='ltr'><strong>cujus</strong></span> <span class='ocrx_word' id='word_1_149' title='bbox 913 2530 1126 2600; x_wconf 86' lang='lat' dir='ltr'><strong>oratio</strong></span> <span class='ocrx_word' id='word_1_150' title='bbox 1183 2532 1436 2627; x_wconf 91' lang='lat' dir='ltr'><strong>optima</strong></span> <span class='ocrx_word' id='word_1_151' title='bbox 1486 2531 1697 2600; x_wconf 89' lang='lat' dir='ltr'><strong>fertur</strong></span> <span class='ocrx_word' id='word_1_152' title='bbox 1739 2555 1881 2600; x_wconf 90' lang='lat' dir='ltr'><strong>esse</strong></span> <span class='ocrx_word' id='word_1_153' title='bbox 1906 2584 1926 2618; x_wconf 89' lang='lat'><strong>,</strong></span> <span class='ocrx_word' id='word_1_154' title='bbox 1973 2555 2121 2624; x_wconf 83' lang='lat' dir='ltr'><strong>quoe</strong></span> <span class='ocrx_word' id='word_1_155' title='bbox 2158 2531 2473 2600; x_wconf 85' lang='lat' dir='ltr'><strong>maxima.</strong></span> 
     </span>
     <span class='ocr_line' id='line_1_21' title="bbox 331 2637 1366 2733; baseline 0.001 -29"><span class='ocrx_word' id='word_1_156' title='bbox 331 2637 453 2704; x_wconf 80' lang='lat' dir='ltr'><strong>Ex</strong></span> <span class='ocrx_word' id='word_1_157' title='bbox 487 2637 670 2709; x_wconf 76' lang='lat' dir='ltr'><strong>Plin.</strong></span> <span class='ocrx_word' id='word_1_158' title='bbox 712 2637 822 2707; x_wconf 87' lang='lat' dir='ltr'><strong>lib.</strong></span> <span class='ocrx_word' id='word_1_159' title='bbox 855 2642 930 2726; x_wconf 90' lang='lat' dir='ltr'><strong>I,</strong></span> <span class='ocrx_word' id='word_1_160' title='bbox 969 2641 1194 2733; x_wconf 81' lang='lat' dir='ltr'><strong>Epist.</strong></span> <span class='ocrx_word' id='word_1_161' title='bbox 1247 2662 1366 2708; x_wconf 87' lang='lat'><strong>20.</strong></span> 
     </span>
    </p>

    <p class='ocr_par' dir='ltr' id='par_1_7' title="bbox 334 2739 2479 3158">
     <span class='ocr_line' id='line_1_22' title="bbox 441 2739 2477 2840; baseline -0.001 -25"><span class='ocrx_word' id='word_1_162' title='bbox 441 2742 575 2817; x_wconf 84' lang='lat' dir='ltr'><strong>Sed</strong></span> <span class='ocrx_word' id='word_1_163' title='bbox 606 2768 733 2838; x_wconf 83' lang='lat' dir='ltr'><strong>ego</strong></span> <span class='ocrx_word' id='word_1_164' title='bbox 776 2755 1046 2831; x_wconf 77' lang='lat' dir='ltr'><strong>verear,</strong></span> <span class='ocrx_word' id='word_1_165' title='bbox 1089 2769 1176 2812; x_wconf 91' lang='lat' dir='ltr'><strong>ne</strong></span> <span class='ocrx_word' id='word_1_166' title='bbox 1213 2769 1322 2812; x_wconf 90' lang='lat' dir='ltr'><strong>me</strong></span> <span class='ocrx_word' id='word_1_167' title='bbox 1360 2768 1499 2811; x_wconf 87' lang='lat' dir='ltr'><strong>non</strong></span> <span class='ocrx_word' id='word_1_168' title='bbox 1539 2739 1695 2840; x_wconf 74' lang='lat' dir='ltr'><strong>satis</strong></span> <span class='ocrx_word' id='word_1_169' title='bbox 1732 2741 1999 2831; x_wconf 88' lang='lat' dir='ltr'><strong>deceat,</strong></span> <span class='ocrx_word' id='word_1_170' title='bbox 2031 2742 2209 2837; x_wconf 92' lang='lat' dir='ltr'><strong>quod</strong></span> <span class='ocrx_word' id='word_1_171' title='bbox 2256 2743 2477 2812; x_wconf 87' lang='lat' dir='ltr'><strong>decuit</strong></span> 
     </span>
     <span class='ocr_line' id='line_1_23' title="bbox 336 2846 2479 2938; baseline 0.001 -23"><span class='ocrx_word' id='word_1_172' title='bbox 336 2848 430 2915; x_wconf 89' lang='lat' dir='ltr'><strong>M.</strong></span> <span class='ocrx_word' id='word_1_173' title='bbox 473 2849 804 2938; x_wconf 88' lang='lat' dir='ltr'><strong>Tullium,</strong></span> <span class='ocrx_word' id='word_1_174' title='bbox 831 2854 905 2919; x_wconf 90' lang='lat' dir='ltr'><strong>C.</strong></span> <span class='ocrx_word' id='word_1_175' title='bbox 943 2849 1228 2920; x_wconf 88' lang='lat' dir='ltr'><strong>Calvum</strong></span> <span class='ocrx_word' id='word_1_176' title='bbox 1250 2902 1268 2938; x_wconf 92' lang='lat'><strong>,</strong></span> <span class='ocrx_word' id='word_1_177' title='bbox 1301 2851 1604 2919; x_wconf 91' lang='lat' dir='ltr'><strong>Asinium</strong></span> <span class='ocrx_word' id='word_1_178' title='bbox 1636 2846 2035 2934; x_wconf 90' lang='lat' dir='ltr'><strong>Pollionem,</strong></span> <span class='ocrx_word' id='word_1_179' title='bbox 2076 2851 2171 2916; x_wconf 92' lang='lat' dir='ltr'><strong>M.</strong></span> <span class='ocrx_word' id='word_1_180' title='bbox 2214 2848 2479 2918; x_wconf 86' lang='lat' dir='ltr'><strong>Messal-</strong></span> 
     </span>
     <span class='ocr_line' id='line_1_24' title="bbox 334 2953 2477 3051; baseline 0.001 -29"><span class='ocrx_word' id='word_1_181' title='bbox 334 2953 496 3043; x_wconf 90' lang='lat' dir='ltr'><strong>lam,</strong></span> <span class='ocrx_word' id='word_1_182' title='bbox 525 2972 685 3043; x_wconf 78' lang='lat' dir='ltr'><strong>etC.;</strong></span> <span class='ocrx_word' id='word_1_183' title='bbox 721 2958 974 3027; x_wconf 86' lang='lat' dir='ltr'><strong>Divum</strong></span> <span class='ocrx_word' id='word_1_184' title='bbox 999 2961 1036 3028; x_wconf 80' lang='lat' dir='ltr'>J</span> <span class='ocrx_word' id='word_1_185' title='bbox 1040 2956 1245 3026; x_wconf 91' lang='lat' dir='ltr'><strong>ulium</strong></span> <span class='ocrx_word' id='word_1_186' title='bbox 1264 3011 1284 3044; x_wconf 92' lang='lat'><strong>,</strong></span> <span class='ocrx_word' id='word_1_187' title='bbox 1315 2958 1566 3025; x_wconf 84' lang='lat' dir='ltr'><strong>Divum</strong></span> <span class='ocrx_word' id='word_1_188' title='bbox 1595 2957 2004 3051; x_wconf 85' lang='lat' dir='ltr'><strong>Augustum,</strong></span> <span class='ocrx_word' id='word_1_189' title='bbox 2030 2957 2281 3024; x_wconf 89' lang='lat' dir='ltr'><strong>Divum</strong></span> <span class='ocrx_word' id='word_1_190' title='bbox 2307 2956 2477 3024; x_wconf 90' lang='lat' dir='ltr'><strong>Ner-</strong></span> 
     </span>
     <span class='ocr_line' id='line_1_25' title="bbox 337 3059 2209 3158; baseline 0.002 -31"><span class='ocrx_word' id='word_1_191' title='bbox 337 3085 523 3145; x_wconf 89' lang='lat' dir='ltr'><strong>vam,</strong></span> <span class='ocrx_word' id='word_1_192' title='bbox 556 3065 632 3132; x_wconf 93' lang='lat' dir='ltr'><strong>T.</strong></span> <span class='ocrx_word' id='word_1_193' title='bbox 675 3067 1048 3153; x_wconf 86' lang='lat' dir='ltr'><strong>Caesarem,</strong></span> <span class='ocrx_word' id='word_1_194' title='bbox 1088 3078 1210 3133; x_wconf 91' lang='lat' dir='ltr'><strong>etc.</strong></span> <span class='ocrx_word' id='word_1_195' title='bbox 1250 3067 1376 3133; x_wconf 75' lang='lat' dir='ltr'><strong>Ex</strong></span> <span class='ocrx_word' id='word_1_196' title='bbox 1395 3065 1574 3132; x_wconf 77' lang='lat' dir='ltr'><strong>Plitz.</strong></span> <span class='ocrx_word' id='word_1_197' title='bbox 1612 3063 1723 3132; x_wconf 85' lang='lat' dir='ltr'><strong>lib.</strong></span> <span class='ocrx_word' id='word_1_198' title='bbox 1753 3067 1849 3150; x_wconf 88' lang='lat' dir='ltr'><strong>V,</strong></span> <span class='ocrx_word' id='word_1_199' title='bbox 1889 3066 2112 3158; x_wconf 81' lang='lat' dir='ltr'><strong>Epist.</strong></span> <span class='ocrx_word' id='word_1_200' title='bbox 2145 3059 2209 3132; x_wconf 85' lang='lat'><strong>3.</strong></span> 
     </span>
    </p>

    <p class='ocr_par' dir='ltr' id='par_1_8' title="bbox 334 3168 2478 3374">
     <span class='ocr_line' id='line_1_26' title="bbox 439 3168 2477 3262; baseline 0.001 -25"><span class='ocrx_word' id='word_1_201' title='bbox 439 3170 752 3262; x_wconf 85' lang='lat' dir='ltr'><strong>Dictator</strong></span> <span class='ocrx_word' id='word_1_202' title='bbox 775 3173 1002 3242; x_wconf 85' lang='lat' dir='ltr'><strong>Caesar</strong></span> <span class='ocrx_word' id='word_1_203' title='bbox 1027 3172 1300 3240; x_wconf 90' lang='lat' dir='ltr'><strong>summis</strong></span> <span class='ocrx_word' id='word_1_204' title='bbox 1321 3170 1697 3240; x_wconf 87' lang='lat' dir='ltr'><strong>oratoribus</strong></span> <span class='ocrx_word' id='word_1_205' title='bbox 1728 3168 2019 3238; x_wconf 80' lang='lat' dir='ltr'><strong>aemulus.</strong></span> <span class='ocrx_word' id='word_1_206' title='bbox 2047 3171 2263 3238; x_wconf 82' lang='lat' dir='ltr'><strong>Tacit.</strong></span> <span class='ocrx_word' id='word_1_207' title='bbox 2288 3173 2477 3239; x_wconf 70' lang='lat' dir='ltr'><strong>Arm.</strong></span> 
     </span>
     <span class='ocr_line' id='line_1_27' title="bbox 334 3275 2478 3374; baseline 0 -31"><span class='ocrx_word' id='word_1_208' title='bbox 334 3276 374 3343; x_wconf 88' lang='lat' dir='ltr'><strong>l.</strong></span> <span class='ocrx_word' id='word_1_209' title='bbox 407 3277 622 3366; x_wconf 90' lang='lat' dir='ltr'><strong>XIII,</strong></span> <span class='ocrx_word' id='word_1_210' title='bbox 659 3275 723 3348; x_wconf 82' lang='grc'><strong>3.</strong></span> <span class='ocrx_word' id='word_1_211' title='bbox 753 3279 1070 3348; x_wconf 89' lang='lat' dir='ltr'><strong>Summus</strong></span> <span class='ocrx_word' id='word_1_212' title='bbox 1102 3289 1454 3346; x_wconf 86' lang='lat' dir='ltr'><strong>auctorum</strong></span> <span class='ocrx_word' id='word_1_213' title='bbox 1482 3279 1569 3374; x_wconf 82' lang='lat' dir='ltr'><strong>D.</strong></span> <span class='ocrx_word' id='word_1_214' title='bbox 1594 3277 1825 3348; x_wconf 89' lang='lat' dir='ltr'><strong>Julius.</strong></span> <span class='ocrx_word' id='word_1_215' title='bbox 1862 3280 2076 3347; x_wconf 86' lang='lat' dir='ltr'><strong>Tacit.</strong></span> <span class='ocrx_word' id='word_1_216' title='bbox 2108 3279 2331 3346; x_wconf 81' lang='lat' dir='ltr'><strong>Germ.</strong></span> <span class='ocrx_word' id='word_1_217' title='bbox 2362 3277 2478 3347; x_wconf 89' lang='grc'><strong>28.</strong></span> 
     </span>
    </p>

    <p class='ocr_par' dir='ltr' id='par_1_9' title="bbox 335 3382 2489 4228">
     <span class='ocr_line' id='line_1_28' title="bbox 443 3382 2483 3470; baseline -0.001 -18"><span class='ocrx_word' id='word_1_218' title='bbox 443 3384 520 3452; x_wconf 93' lang='lat' dir='ltr'><strong>C.</strong></span> <span class='ocrx_word' id='word_1_219' title='bbox 568 3385 902 3454; x_wconf 81' lang='lat' dir='ltr'><strong>Caesarem</strong></span> <span class='ocrx_word' id='word_1_220' title='bbox 923 3385 1472 3457; x_wconf 81' lang='lat' dir='ltr'><strong>.Dictatorem....</strong></span> <span class='ocrx_word' id='word_1_221' title='bbox 1514 3383 1730 3452; x_wconf 88' lang='lat' dir='ltr'><strong>studia</strong></span> <span class='ocrx_word' id='word_1_222' title='bbox 1768 3382 2099 3468; x_wconf 87' lang='lat' dir='ltr'><strong>certandi,</strong></span> <span class='ocrx_word' id='word_1_223' title='bbox 2147 3382 2483 3470; x_wconf 90' lang='lat' dir='ltr'><strong>dictandi,</strong></span> 
     </span>
     <span class='ocr_line' id='line_1_29' title="bbox 335 3486 2485 3586; baseline -0 -29"><span class='ocrx_word' id='word_1_224' title='bbox 335 3486 804 3586; x_wconf 87' lang='lat' dir='ltr'><strong>lectitandique</strong></span> <span class='ocrx_word' id='word_1_225' title='bbox 847 3491 969 3560; x_wconf 91' lang='lat' dir='ltr'><strong>sibi</strong></span> <span class='ocrx_word' id='word_1_226' title='bbox 997 3505 1233 3560; x_wconf 91' lang='lat' dir='ltr'><strong>mutuo</strong></span> <span class='ocrx_word' id='word_1_227' title='bbox 1269 3489 1711 3559; x_wconf 86' lang='lat' dir='ltr'><strong>vindicavere.</strong></span> <span class='ocrx_word' id='word_1_228' title='bbox 1757 3491 1845 3559; x_wconf 87' lang='lat' dir='ltr'><strong>Et</strong></span> <span class='ocrx_word' id='word_1_229' title='bbox 1891 3489 2044 3559; x_wconf 90' lang='lat' dir='ltr'><strong>licet</strong></span> <span class='ocrx_word' id='word_1_230' title='bbox 2086 3491 2154 3557; x_wconf 90' lang='lat' dir='ltr'><strong>in</strong></span> <span class='ocrx_word' id='word_1_231' title='bbox 2197 3513 2485 3584; x_wconf 88' lang='lat' dir='ltr'><strong>persona</strong></span> 
     </span>
     <span class='ocr_line' id='line_1_30' title="bbox 336 3596 2485 3694; baseline 0 -30"><span class='ocrx_word' id='word_1_232' title='bbox 336 3596 553 3666; x_wconf 85' lang='lat' dir='ltr'><strong>unius·</strong></span> <span class='ocrx_word' id='word_1_233' title='bbox 575 3597 1006 3692; x_wconf 86' lang='lat' dir='ltr'><strong>ejusdemque</strong></span> <span class='ocrx_word' id='word_1_234' title='bbox 1057 3599 1374 3694; x_wconf 86' lang='lat' dir='ltr'><strong>tempore¹</strong></span> <span class='ocrx_word' id='word_1_235' title='bbox 1399 3623 1520 3666; x_wconf 92' lang='lat' dir='ltr'><strong>suo</strong></span> <span class='ocrx_word' id='word_1_236' title='bbox 1558 3597 1877 3691; x_wconf 89' lang='lat' dir='ltr'><strong>principis</strong></span> <span class='ocrx_word' id='word_1_237' title='bbox 1920 3597 2087 3684; x_wconf 85' lang='lat' dir='ltr'><strong>viri,</strong></span> <span class='ocrx_word' id='word_1_238' title='bbox 2132 3597 2485 3665; x_wconf 88' lang='lat' dir='ltr'><strong>castrensis</strong></span> 
     </span>
     <span class='ocr_line' id='line_1_31' title="bbox 337 3699 2484 3798; baseline 0 -28"><span class='ocrx_word' id='word_1_239' title='bbox 337 3703 776 3798; x_wconf 62' lang='lat' dir='ltr'><strong>oratoriaeque</strong></span> <span class='ocrx_word' id='word_1_240' title='bbox 825 3705 1113 3774; x_wconf 86' lang='lat' dir='ltr'><strong>scientiae</strong></span> <span class='ocrx_word' id='word_1_241' title='bbox 1157 3728 1338 3792; x_wconf 35' lang='lat' dir='ltr'><strong>cura·</strong></span> <span class='ocrx_word' id='word_1_242' title='bbox 1359 3705 1717 3773; x_wconf 84' lang='lat' dir='ltr'><strong>certaverit</strong></span> <span class='ocrx_word' id='word_1_243' title='bbox 1763 3701 1973 3772; x_wconf 87' lang='lat' dir='ltr'><strong>ferme</strong></span> <span class='ocrx_word' id='word_1_244' title='bbox 2028 3699 2239 3797; x_wconf 83' lang='lat' dir='ltr'><strong>gloria</strong></span> <span class='ocrx_word' id='word_1_245' title='bbox 2286 3704 2484 3796; x_wconf 85' lang='lat' dir='ltr'><strong>aequi·</strong></span> 
     </span>
     <span class='ocr_line' id='line_1_32' title="bbox 337 3804 2487 3905; baseline -0 -26"><span class='ocrx_word' id='word_1_246' title='bbox 337 3811 531 3903; x_wconf 87' lang='lat' dir='ltr'><strong>pari,</strong></span> <span class='ocrx_word' id='word_1_247' title='bbox 589 3811 766 3880; x_wconf 91' lang='lat' dir='ltr'><strong>idem</strong></span> <span class='ocrx_word' id='word_1_248' title='bbox 823 3825 1048 3881; x_wconf 90' lang='lat' dir='ltr'><strong>tamen</strong></span> <span class='ocrx_word' id='word_1_249' title='bbox 1097 3835 1441 3905; x_wconf 88' lang='lat' dir='ltr'><strong>nunquam</strong></span> <span class='ocrx_word' id='word_1_250' title='bbox 1483 3835 1553 3880; x_wconf 93' lang='lat' dir='ltr'><strong>se</strong></span> <span class='ocrx_word' id='word_1_251' title='bbox 1596 3812 1750 3880; x_wconf 91' lang='lat' dir='ltr'><strong>satis</strong></span> <span class='ocrx_word' id='word_1_252' title='bbox 1791 3804 1983 3879; x_wconf 82' lang='lat' dir='ltr'><strong>duxit</strong></span> <span class='ocrx_word' id='word_1_253' title='bbox 2031 3811 2098 3876; x_wconf 90' lang='lat' dir='ltr'><strong>in</strong></span> <span class='ocrx_word' id='word_1_254' title='bbox 2138 3810 2487 3904; x_wconf 88' lang='lat' dir='ltr'><strong>utriusque</strong></span> 
     </span>
     <span class='ocr_line' id='line_1_33' title="bbox 341 3916 2488 4018; baseline 0 -34"><span class='ocrx_word' id='word_1_255' title='bbox 341 3917 500 3986; x_wconf 87' lang='lat' dir='ltr'><strong>artis</strong></span> <span class='ocrx_word' id='word_1_256' title='bbox 537 3941 692 3987; x_wconf 89' lang='lat' dir='ltr'><strong>arce</strong></span> <span class='ocrx_word' id='word_1_257' title='bbox 736 3920 1177 4015; x_wconf 89' lang='lat' dir='ltr'><strong>compositum</strong></span> <span class='ocrx_word' id='word_1_258' title='bbox 1197 3970 1216 4006; x_wconf 91' lang='lat'><strong>,</strong></span> <span class='ocrx_word' id='word_1_259' title='bbox 1259 3919 1647 4012; x_wconf 89' lang='lat' dir='ltr'><strong>priusquam</strong></span> <span class='ocrx_word' id='word_1_260' title='bbox 1695 3916 2272 4018; x_wconf 80' lang='lat' dir='ltr'><strong>vestri&#39;Arpinatis</strong></span> <span class='ocrx_word' id='word_1_261' title='bbox 2310 3918 2488 3985; x_wconf 87' lang='lat' dir='ltr'><strong>testi·</strong></span> 
     </span>
     <span class='ocr_line' id='line_1_34' title="bbox 339 4021 2489 4118; baseline 0.001 -28"><span class='ocrx_word' id='word_1_262' title='bbox 339 4024 566 4092; x_wconf 90' lang='lat' dir='ltr'><strong>monio</strong></span> <span class='ocrx_word' id='word_1_263' title='bbox 596 4024 1040 4095; x_wconf 86' lang='lat' dir='ltr'><strong>anteferretur</strong></span> <span class='ocrx_word' id='word_1_264' title='bbox 1068 4027 1303 4094; x_wconf 86' lang='lat' dir='ltr'><strong>ceteris</strong></span> <span class='ocrx_word' id='word_1_265' title='bbox 1336 4022 1746 4092; x_wconf 91' lang='lat' dir='ltr'><strong>mortalibus.</strong></span> <span class='ocrx_word' id='word_1_266' title='bbox 1778 4027 1905 4093; x_wconf 79' lang='lat' dir='ltr'><strong>Ex</strong></span> <span class='ocrx_word' id='word_1_267' title='bbox 1931 4021 2202 4093; x_wconf 85' lang='lat' dir='ltr'><strong>Sidonii</strong></span> <span class='ocrx_word' id='word_1_268' title='bbox 2216 4025 2467 4118; x_wconf 58' lang='lat' dir='ltr'><strong>Apolli·</strong></span> <span class='ocrx_word' id='word_1_269' title='bbox 2472 4063 2489 4074; x_wconf 95' lang='lat'><strong>·</strong></span> 
     </span>
     <span class='ocr_line' id='line_1_35' title="bbox 339 4129 2362 4228; baseline 0 -30"><span class='ocrx_word' id='word_1_270' title='bbox 339 4135 531 4200; x_wconf 74' lang='lat' dir='ltr'><strong>naris</strong></span> <span class='ocrx_word' id='word_1_271' title='bbox 555 4129 668 4202; x_wconf 86' lang='lat' dir='ltr'><strong>lib.</strong></span> <span class='ocrx_word' id='word_1_272' title='bbox 709 4136 927 4220; x_wconf 70' lang='lat' dir='ltr'><strong>VIII,</strong></span> <span class='ocrx_word' id='word_1_273' title='bbox 963 4135 1188 4228; x_wconf 80' lang='lat' dir='ltr'><strong>Epist.</strong></span> <span class='ocrx_word' id='word_1_274' title='bbox 1221 4131 1314 4219; x_wconf 74' lang='lat'><strong>63</strong></span> <span class='ocrx_word' id='word_1_275' title='bbox 1350 4130 1502 4200; x_wconf 86' lang='lat' dir='ltr'><strong>vide</strong></span> <span class='ocrx_word' id='word_1_276' title='bbox 1544 4145 1614 4200; x_wconf 91' lang='lat' dir='ltr'><strong>et</strong></span> <span class='ocrx_word' id='word_1_277' title='bbox 1639 4129 1785 4200; x_wconf 85' lang='lat' dir='ltr'><strong>Lib.</strong></span> <span class='ocrx_word' id='word_1_278' title='bbox 1816 4132 1956 4216; x_wconf 90' lang='lat' dir='ltr'><strong>IX,</strong></span> <span class='ocrx_word' id='word_1_279' title='bbox 1984 4132 2207 4224; x_wconf 83' lang='lat' dir='ltr'><strong>Epist.</strong></span> <span class='ocrx_word' id='word_1_280' title='bbox 2251 4133 2362 4214; x_wconf 70' lang='lat'><strong>14.</strong></span> 
     </span>
    </p>

    <p class='ocr_par' dir='ltr' id='par_1_10' title="bbox 1199 4239 2115 4324">
     <span class='ocr_line' id='line_1_36' title="bbox 1199 4239 2115 4324; baseline 0 -62"><span class='ocrx_word' id='word_1_281' title='bbox 1199 4255 1221 4262; x_wconf 78' lang='grc'><strong>,.</strong></span> <span class='ocrx_word' id='word_1_282' title='bbox 2029 4252 2071 4324; x_wconf 75' lang='lat'>3</span> <span class='ocrx_word' id='word_1_283' title='bbox 2092 4239 2115 4284; x_wconf 72' lang='lat'>⁴</span> 
     </span>
    </p>
   </div>
  </div>
 </body>
</html>
