3017 5042
761 471 969 540 VEL
1024 405 1987 540 DISSERTATIONES.
2219 497 2360 569 107

281 605 425 626 m
2180 609 2366 630 m

417 763 1766 872 SUPPLEMENTUM
1873 767 2098 872 VII
2145 845 2172 890 ,

632 972 771 1038 DE
828 971 1255 1039 PRAELIO
1311 971 1886 1040 MUNDENSI
1916 1025 1937 1059 ‚

356 1178 443 1224 u>
495 1179 685 1224 mem..
742 1177 1027 1225 nisui«.
1088 1177 1147 1224 c.
1206 1177 1620 1242 xix-11113
1675 1179 1737 1224 Τ.
1797 1179 1893 1244 11,
1948 1181 2012 1226 P.
2077 1153 2245 1244 548.

770 1349 1788 1388 -------ιοοοσιι----

260 1507 397 1631 Im
432 1577 527 1632 est
556 1562 883 1632 obscurus
919 1575 987 1630 et
1020 1559 1381 1630 verborum
1418 1585 1661 1656 parcus
1689 1562 1758 1629 in
1785 1585 1865 1630 ea
1895 1586 2135 1656 pugnae
2163 1565 2362 1632 Mun-

257 1667 443 1737 densis
483 1669 928 1762 descriptione
973 1669 1260 1754 Hirtius,
1296 1683 1375 1736 ut
1408 1667 1708 1735 militaris
1744 1670 1838 1735 rei
1875 1670 2249 1762 peritissimi
2281 1695 2364 1740 ne

256 1777 623 1844 tentaverint
674 1773 941 1868 quidem
992 1774 1193 1868 hujus
1240 1773 1368 1843 loci
1426 1775 2040 1867 interpretationem
2062 1829 2080 1860 ‚
2126 1791 2366 1869 praeter

255 1879 482 1951 doctiss.
542 1885 801 1976 Turpia
840 1881 931 1949 de
986 1872 1239 1966 Crzkse',
1280 1878 1618 1948 multoties
1657 1904 1698 1948 a
1737 1880 1929 1948 nobis
1963 1882 2239 1949 citatum
2286 1907 2364 1951 ac

255 1983 581 2056 laudatum.
622 1989 1057 2082 Quapropter
1096 2012 1179 2056 ex
1208 1985 1379 2056 illius
1425 1987 1658 2056 Critici
1689 1987 1896 2073 notiS‚
1933 2011 2080 2080 quae
2115 1986 2198 2054 de
2237 1988 2366 2057 hae

256 2119 311 2161 re
340 2094 572 2165 dicturi
608 2083 871 2181 sumim,
904 2093 1218 2188 pleraque
1252 2117 1686 2188 excerpemus
1704 2145 1722 2175 .,
1759 2093 1984 2162 addita
2006 2093 2363 2188 interpola-

252 2199 403 2269 tione
436 2201 641 2272 latina
682 2202 885 2269 trium
923 2202 1215 2295 capitum
1253 2199 1405 2268 libri
1429 2202 1664 2268 XLIII
1691 2200 1927 2268 Dionis
1959 2201 2200 2284 Cassii,
2233 2202 2364 2270 sci-

252 2302 379 2376 licet
418 2306 550 2396 36,
592 2305 687 2402 37
736 2322 803 2374 et
838 2304 969 2392 38,
1006 2307 1121 2400 qui
1154 2307 1277 2375 etsi
1311 2331 1453 2375 rem
1496 2307 1657 2374 artis
1697 2321 2002 2400 respectu
2041 2331 2179 2375 non
2215 2309 2361 2376 teti·

254 2413 330 2504 git
347 2465 364 2499 ‚
382 2428 687 2483 attamen
730 2412 955 2481 lumen
984 2412 1252 2506 aliquod
1279 2413 1383 2480 his
1421 2412 1712 2480 tenebris
1743 2412 2092 2481 affundere
2115 2427 2366 2508 potest,

252 2521 707 2614 praemissisque
724 2571 742 2605 ‚
778 2535 857 2588 ut
896 2543 1021 2614 par
1057 2534 1159 2588 est
1177 2574 1197 2606 ‚
1228 2519 1632 2613 quibusdam.
1659 2518 2233 2589 observationibus
2283 2521 2366 2590 de

252 2639 371 2694 tota
408 2627 686 2696 Caesaris
726 2626 904 2720 apud
953 2627 1289 2719 Hispanos
1328 2625 1766 2719 expeditione.

337 2734 629 2802 Primum
664 2732 1056 2801 adveniente
1094 2733 1359 2801 Caesare
1403 2732 1470 2798 in
1507 2731 1896 2823 Hispaniam
1935 2755 2057 2823 per
2085 2732 2366 2799 Cartha-

256 2835 447 2930 ginem
491 2864 740 2908 novam
756 2893 777 2926 ‚
816 2853 893 2907 ut
944 2838 1278 2932 conjectat
1321 2840 1578 2931 Turpia
1619 2836 1707 2904 de
1749 2827 1972 2906 Cnlsxce'
1986 2889 2006 2920 ‚
2061 2835 2198 2903 fere
2229 2851 2368 2906 tota

253 2946 573 3036 provincia
606 2945 883 3014 ulterior
910 2947 1037 3012 Cn.
1077 2959 1145 3012 et
1176 2945 1321 3012 Sex.
1367 2943 1722 3037 Pompeio,
1768 2941 1999 3036 Magni
2039 2940 2222 3026 filiis,
2261 2943 2370 3012 ob·

253 3053 663 3146 temperabat.
727 3049 1085 3122 Nonnullae
1140 3065 1365 3119 tamen
1415 3050 1713 3119 civitates
1766 3048 2080 3117 fratribus
2141 3065 2372 3143 portas

253 3155 605 3228 clauserant
628 3213 647 3246 ‚
697 3160 871 3228 inter
900 3181 1065 3252 quas
1094 3154 1249 3225 Ulia
1278 3148 1564 3244 (filonte
1598 3146 1878 3248 major).
1927 3156 2166 3224 Sextus
2201 3160 2370 3228 Cor·-

253 3261 478 3333 tlubam
519 3263 821 3351 tenebat,
866 3263 1056 3357 cujus
1100 3261 1333 3332 incolis
1377 3289 1618 3358 parum
1662 3261 1940 3348 fidebat,
1983 3276 2052 3330 et
2103 3263 2370 3356 quidem

253 3372 489 3440 merito.
527 3373 777 3450 Cneius
810 3385 1033 3440 autem
1070 3367 1293 3438 Uliam
1326 3370 1649 3464 oppidum
1691 3368 2124 3464 oppugnabat
2143 3361 2236 3457 (c.
2267 3362 2368 3458 3).

341 3479 559 3547 Prima
600 3479 803 3572 igitur
850 3477 1131 3547 Caesaris
1178 3499 1341 3546 cura
1388 3476 1546 3560 fuit,
1585 3491 1662 3544 ut
1703 3475 1787 3543 ad
1837 3475 2218 3544 Cordubam
2264 3501 2372 3546 ac·

252 3582 529 3672 cederet,
565 3601 633 3653 et
660 3583 885 3652 Uliam
922 3584 1006 3651 ab
1043 3583 1387 3652 obsidione
1413 3582 1740 3651 liberaret.
1779 3580 2136 3675 Duplicem
2173 3584 2378 3676 igitur

252 3687 408 3758 hanc
441 3697 713 3785 operam
760 3689 1179 3759 solertissime
1222 3690 1540 3784 perfecit;
1570 3687 1708 3758 scil.
1741 3687 2102 3756 subsidium
2135 3686 2374 3758 Ulien-

254 3794 455 3884 sibuS‚
494 3799 695 3866 Junio
731 3797 1007 3866 Pacieco
1049 3795 1253 3881 duce,
1282 3797 1485 3864 mittit
1515 3789 1542 3878 (
1567 3821 1621 3864 c.
1675 3792 1718 3864 3
1741 3786 1803 3881 );
1828 3795 1966 3887 ipse
2000 3793 2087 3862 ad
2125 3794 2378 3864 Cordu-

256 3897 394 3970 bam
437 3903 781 3972 contendit
796 3957 815 3990 ,
844 3904 1193 3997 praemissis
1234 3903 1393 3970 viris
1416 3901 1702 3970 fortibus
1726 3925 1881 3968 cum
1909 3901 2237 3993 equitatu,
2262 3904 2375 3996 qui

258 4027 389 4074 eam
430 4010 665 4078 urbem
707 4023 1088 4097 tentarent;
1128 4033 1207 4078 ea
1246 4022 1469 4076 mente
1510 4021 1590 4076 ut
1633 4011 1870 4076 Sextus
1921 4007 2206 4074 Cneium
2253 4009 2376 4077 sibi

260 4112 529 4186 subsidio
568 4115 871 4188 futurum
910 4118 1285 4200 invocaret3
1306 4113 1509 4208 'quod
1543 4113 1819 4183 feliciter
1867 4114 2088 4183 evenit
2121 4105 2218 4203 (c.
2265 4106 2375 4202 4).
