3017 5042
865 458 1738 528 GEOGRAPHICUS.
2225 444 2365 533 201

233 592 309 663 ad
366 594 798 662 Euronotum
857 614 874 657 τ
939 590 1480 686 Argantomago
1542 630 1651 645 ·-—-
1712 612 1812 660 xx
1879 592 1991 643 —-—'
2070 596 2381 665 Tincollo

233 693 634 791 (Sancoins
667 688 696 786 )
744 696 1028 767 tendens
1080 696 1167 767 ad
1214 694 1473 793 'aqua-5.
1551 701 1637 767 In
1692 700 1928 769 eodem
1984 700 2185 794 igitur
2246 704 2383 772 situ

233 822 380 877 sunt
427 808 607 876 inter
661 829 732 873 se
782 804 984 874 urbes
1031 830 1232 900 supra
1279 805 1472 875 dictae
1488 860 1507 895 ,
1564 828 1699 900 quo
1752 829 1934 876 nunc
2000 808 2227 877 videre
2282 824 2383 879 est

233 918 627 1009 Argenton,
689 916 1000 1007 Bourges
1046 926 1116 981 et
1157 916 1519 985 Sancoins.
1556 916 1681 995 *Ita
1728 915 1934 1010 igitur
1972 914 2084 983 via
2126 939 2167 983 a
2204 916 2383 984 Bur-

235 1020 444 1117 digala
507 1020 597 1089 ad
655 1019 1218 1114 Augustodunum
1286 1020 1464 1090 idem
1530 1020 1853 1116 angulum
1912 1016 2121 1115 efficit
2185 1046 2387 1116 quem

235 1152 408 1199 nunc
437 1152 710 1222 quoque
753 1126 947 1196 daret
973 1129 1158 1197 eunti
1193 1128 1278 1197 ab
1314 1127 1482 1197 urbe
1519 1128 1901 1200 Bordeaux
1934 1152 2056 1224 per
2078 1134 2392 1225 Bourges

236 1236 312 1305 ad
362 1237 637 1307 Autan.
693 1233 1082 1304 Indubitata
1141 1248 1240 1305 est
1297 1236 1505 1331 igitur
1559 1237 1746 1306 urbis
1801 1238 2067 1307 Avarici
2125 1237 2387 1332 positio.

236 1347 546 1412 Attamen
609 1339 949 1430 nonnulli,
1015 1343 1380 1437 praesertim
1435 1342 1805 1414 Marlianus
1865 1345 1975 1413 cui
2036 1345 2397 1414 assentitur

239 1453 549 1538 Samson,
619 1449 1112 1520 contenderunt
1184 1451 1548 1520 Avaricum
1616 1473 1759 1521 esse
1825 1456 1898 1522 V
1892 1456 2159 1538 ierzon3
2224 1474 2401 1547 quos

243 1582 355 1627 suo
401 1580 594 1627 more
637 1560 774 1625 JOS.
817 1555 1110 1653 Scaliger
1146 1556 1384 1627 stultos
1419 1555 1730 1653 appellat.
1775 1561 1865 1628 Et
1892 1558 2162 1629 eosdem
2202 1558 2389 1627 refu-

241 1678 353 1762 tat,
380 1664 785 1735 Catkerinot
825 1687 1088 1733 coaevus
1117 1666 1448 1760 Menagii5
1475 1666 1547 1733 in
1587 1688 1707 1734 sua
1748 1666 2211 1735 dissertatione
2257 1662 2397 1761 gal-

241 1770 362 1842 lica
403 1770 498 1839 de.
524 1770 833 1840 Avarico.
871 1772 1201 1840 Praeterea
1242 1772 1494 1840 flumen
1534 1767 1619 1841 de
1654 1797 1789 1867 quo
1834 1772 2130 1867 loquitur
2174 1775 2401 1842 Caesar

243 1876 280 1947 l.
307 1904 456 1973 sup.
491 1879 599 1947 cit.
641 1876 888 1946 dicitur
929 1875 1164 1972 gallice
1186 1880 1436 1949 Aaron
1451 1933 1474 1966 ‚
1498 1879 1662 1949 olim
1698 1880 1958 1968 Avaro,
1992 1878 2173 1947 unde
2216 1890 2403 1947 certe

251 1986 633 2056 Avaricum
671 1984 834 2054 urbs
891 1983 1072 2053 dicta
1128 1998 1244 2055 est.
1297 1988 1543 2055 Postea
1584 2000 1812 2054 tamen
1856 1985 2135 2054 diversis
2178 1986 2399 2053 nomi-

246 2092 439 2162 nibus
463 2092 793 2187 innotuit:
815 2116 904 2161 sc.
935 2092 1269 2187 Gregorio
1301 2096 1621 2163 Castrum
1636 2092 2164 2162 Medlblanense
2176 2146 2199 2178 ,
2224 2094 2401 2160 Oro·

249 2201 341 2268 sio
364 2204 759 2293 Biturzssgam
783 2222 865 2266 ex
887 2200 1160 2268 nomine
1189 2198 1423 2295 populi
1447 2254 1466 2288 ‚
1485 2200 1725 2272 deinde
1754 2224 1877 2295 per
1901 2200 2402 2294 corruptionem

248 2306 316 2374 in
357 2308 652 2401 antiquis
693 2305 943 2374 chartis
978 2310 1280 2402 Biorgas
1297 2361 1320 2394 ‚
1369 2322 1605 2401 postea
1644 2311 1973 2403 Bourges.
2027 2306 2213 2376 Urbs
2254 2330 2405 2375 me-

251 2412 538 2508 tropolis
572 2426 776 2508 caput
806 2413 1168 2507 provinciae
1187 2414 1376 2509 regni
1394 2413 1671 2485 francici
1690 2413 1849 2484 olim
1868 2414 2064 2484 dictae
2084 2413 2149 2483 le
2160 2418 2409 2507 Bertjyg·

254 2544 432 2591 nunc
475 2512 963 2617 de'partement
999 2520 1096 2589 du
1134 2521 1326 2591 Cher.

357 2629 621 2699 AonA
637 2626 952 2719 {flumen
979 2618 1093 2716 (B.
1133 2630 1218 2698 G.
1254 2629 1364 2715 II,
1400 2622 1440 2696 5
1460 2680 1480 2714 ,
1512 2618 1613 2720 9).
1644 2628 1821 2695 Fons
1856 2626 1999 2721 ejus
2029 2625 2159 2713 480
2188 2621 2232 2713 Ξ-
2270 2624 2406 2713 lat),

257 2735 426 2805 ostia
501 2734 632 2829 490
688 2732 750 2822 -ξ,
827 2734 1034 2823 Quod
1078 2749 1180 2804 est
1237 2736 1306 2803 in
1351 2734 1662 2803 extremis
1711 2736 2082 2803 Remorum
2144 2730 2407 2799 finibus.

258 2844 338 2911 In
378 2841 612 2911 tabula
652 2841 984 2911 Theodos.
1035 2865 1239 2937 supra
1270 2844 1743 2911 Durocortoro
1780 2830 2084 2929 (Retms)
2124 2838 2210 2907 ad
2247 2839 2413 2906 occi-

261 2948 529 3019 dentem
555 3000 575 3035 ,
614 2947 897 3043 legimus
951 2954 1267 3019 Axenna
1319 2953 1406 3019 Χ.
1462 2950 1552 3016 Et
1604 2948 1821 3042 reipsa
1862 2972 1905 3015 a
1947 2950 2413 3017 Durocortoro

265 3055 345 3124 ad
365 3060 673 3125 Axonam
698 3108 717 3143 ,
740 3056 853 3123 vix
879 3080 996 3125 sex
1031 3071 1189 3126 sunt
1210 3055 1415 3125 leucae
1441 3054 1771 3124 francicae.
1792 3054 2169 3125 D’Anville
2188 3051 2414 3123 locum

265 3160 517 3233 dictum
587 3156 903 3232 Axenna
964 3164 1034 3232 in
1095 3164 1231 3232 tah.
1279 3161 1537 3232 Theod.
1594 3164 1970 3257 suspicatur
2013 3184 2155 3230 esse
2202 3163 2417 3229 Pont-

263 3262 544 3341 Bz-Vere.
587 3271 824 3341 Axona
869 3272 1084 3340 oritur
1123 3272 1195 3338 in
1231 3272 1605 3340 Remorum
1642 3269 1905 3339 finibus.
1951 3268 2160 3337 Alluit
2202 3268 2417 3363 regio·
2537 3349 2541 3353 .

265 3402 418 3447 nem
447 3380 854 3465 Remorum,
883 3390 952 3447 et
977 3379 1408 3449 Suessionum
1435 3378 1775 3448 civitatem
1798 3376 2281 3449 Noviodunum
2296 3426 2321 3461 ‚
2354 3386 2425 3442 et

267 3486 485 3556 influit
521 3486 594 3553 in
630 3488 912 3555 Isaram.

1298 3632 1384 3711 B.

374 3810 726 3895 Bacmzm,
743 3806 938 3899 sylva
955 3797 1066 3895 (B.
1088 3807 1173 3874 G.
1205 3802 1247 3873 l.
1274 3827 1383 3893 w,
1403 3828 1460 3874 c.
1495 3826 1523 3873 1
1540 3828 1586 3874 o
1606 3797 1652 3894 ).
1676 3787 1930 3873 Inter'5
1950 3827 1975 3872 1
1990 3800 2016 3825 ⁰
2044 3814 2114 3871 et
2136 3795 2261 3871 52⁰
2280 3797 2389 3869 lat.
2410 3854 2429 3889 ‚

276 3910 350 3981 60
371 3927 439 3983 et
469 3912 546 3983 8⁰
561 3912 738 4008 long.
771 3915 1027 3981 Omnes
1055 3910 1296 3981 eruditi
1323 3914 1394 3980 in
1415 3911 1549 3981 hoc
1569 3912 2029 3998 consentiunt3
2066 3905 2203 3977 scil.
2234 3908 2429 3976 Bace-

275 4020 414 4088 nim
438 4019 695 4115 sylvam
719 4044 860 4089 esse
892 4034 1154 4114 partem
1180 4016 1470 4113 aliquam
1497 4018 1802 4087 maximae
1831 4013 2181 4112 Hercyniae
2201 4012 2431 4110 sylvae,
2511 4050 2513 4055 ·

277 4151 421 4221 quae
456 4128 674 4200 fusius
716 4127 1116 4200 describitur
1144 4124 1255 4197 lib.
1286 4148 1395 4217 vr,
1424 4151 1481 4196 c.
1520 4128 1617 4211 24
1656 4123 1741 4193 d'e
1778 4122 1937 4195 Bell.
1972 4120 2145 4195 Gall.
2176 4123 2432 4213 Quum-
