3017 5042
583 450 674 522 72
1043 421 1829 493 SUPPLEMENTA
1880 422 2231 512 VARIA‚

580 581 728 650 quae
770 577 958 624 suam
981 554 1140 623 dare
1167 554 1504 624 triremem
1521 606 1542 640 ‚
1566 576 1847 646 eamque
1874 569 2115 622 sartam
2146 567 2389 624 tectam
2426 555 2671 626 habere
2685 610 2706 646 ,

579 659 1192 754 difficilioribusque
1238 657 1613 754 reipublicae
1668 660 2075 755 temporibus
2124 661 2323 729 etiam
2382 663 2709 732 instruere

581 768 945 862 cogebatur
973 793 988 834 ε
1019 766 1289 860 Ulpian.
1327 767 1412 834 ad
1443 780 1609 834 orat.
1654 781 1887 835 contra
1913 767 2280 860 Leptinem.
2320 765 2709 863 Eligebatur

581 897 664 942 ex
729 871 1254 969 opulentioribus
1299 870 1730 968 plerumque3
1774 873 2025 941 triremi
2074 897 2236 942 vero
2278 897 2405 968 -per
2451 897 2712 943 menses

582 1003 697 1048 sex
738 977 844 1048 vel
882 981 1090 1066 circa,
1120 979 1518 1073 imperabat;
1563 993 1706 1046 tum
1743 979 2105 1048 successori
2132 980 2358 1048 navim
2396 1004 2533 1048 una
2557 1005 2711 1048 cum

581 1087 1050 1173 armamentiS‚
1079 1083 1400 1154 militibus
1436 1107 1517 1154 ac
1555 1086 1773 1153 nautis
1800 1083 2105 1153 tradebat
2124 1137 2143 1171 ‚
2176 1085 2230 1154 si
2268 1085 2395 1154 ista
2437 1085 2717 1154 haberet

582 1215 661 1260 ex
707 1189 1016 1285 public03
1059 1193 1111 1259 si
1159 1215 1321 1260 vero
1353 1192 1616 1285 privato
1657 1204 1927 1286 sumptu
1968 1204 2353 1285 comparata
2376 1243 2395 1278 ‚
2434 1216 2589 1261 cum
2634 1216 2714 1260 eo

581 1297 1077 1391 paciscebatur,
1129 1311 1245 1366 aut
1293 1295 1602 1366 demebat
1658 1320 1811 1383 sua,
1872 1293 2127 1389 aliaque
2176 1298 2394 1390 ipsum
2442 1297 2721 1390 jubebat

584 1403 981 1472 substituere
1011 1429 1026 1470 ε
1053 1403 1401 1472 Demosth.
1445 1405 1634 1471 Orat.
1681 1416 1917 1471 contra
1956 1399 2291 1495 Polydem.
2334 1403 2725 1498 Imperabat

583 1523 802 1578 autem
859 1509 1260 1577 trierarchus
1305 1508 1732 1602 gubernatori
1776 1521 1843 1575 et
1888 1504 2221 1575 militibus.
2269 1510 2429 1577 Post
2462 1533 2615 1576 eum
2654 1523 2725 1577 et

581 1613 763 1705 apud
787 1616 1124 1682 Romanos
1141 1614 1515 1708 praecipuus
1541 1612 1963 1706 magistratus
1980 1625 2124 1681 erat
2138 1613 2552 1682 Navarckus
2566 1668 2588 1700 ,
2614 1615 2727 1684 cui

586 1720 1104 1813 imperium'non
1133 1733 1276 1790 erat
1303 1720 1372 1788 in
1400 1716 1677 1807 multas,
1714 1716 1919 1788 sedin
1960 1741 2164 1787 unam
2192 1720 2437 1787 navim.
2480 1720 2723 1814 Veget.

589 1827 898 1919 Smgulae
938 1825 1228 1895 libumae
1266 1827 1574 1920 singulos
1612 1825 1998 1894 navarchos
2010 1877 2033 1911 ,
2066 1823 2145 1893 id
2170 1839 2309 1912 est,
2350 1830 2562 1919 quasi
2595 1849 2727 1894 na-

585 1933 947 2001 vicularios
1001 1930 1390 2018 habebant,
1449 1937 1575 2024 qui
1626 1935 1933 2026 exceptis
1992 1935 2260 2000 caeteris
2273 1984 2296 2016 ,
2353 1947 2741 2000 nautarum-

583 2037 871 2128 ffculs,
889 2035 1463 2134 gubernatoribus·
1489 2053 1700 2130 atque
1724 2035 2087 2131 remigibus
2107 2051 2183 2105 et
2203 2037 2525 2106 militibus
2540 2060 2729 2108 exer-

589 2144 823 2212 cende&
862 2143 1341 2239 quotidianam
1371 2165 1610 2212 curam
1646 2158 1721 2211 ec
1728 2143 1974 2238 jugem
2024 2140 2451 2212 adhibebant
2487 2143 2727 2212 mdus—

589 2250 815 2318 triam.
843 2252 1092 2344 Atque,
1128 2251 1182 2318 si
1210 2249 1476 2342 quando
1505 2248 1804 2344 praelium
1842 2248 2152 2333 instabat,
2181 2250 2559 2318 navarchus
2587 2250 2727 2343 ipse

591 2353 664 2423 in
699 2355 953 2424 triremi
993 2354 1383 2450 expediebat
1417 2356 1669 2442 omnia,
1700 2355 1971 2449 ejusque
1994 2355 2271 2449 imperio
2300 2357 2524 2424 omnia
2542 2369 2733 2424 erant

595 2460 908 2553 subjecta.
931 2461 1127 2555 Apud
1147 2463 1488 2532 Romanos
1521 2463 1591 2530 hi
1619 2463 1949 2556 praecipue
1974 2461 2388 2529 vocabantur
2416 2461 2726 2555 praefecti.

594 2559 735 2654 (Hi
773 2568 960 2636 initio
996 2567 1384 2638 dicebantur
1418 2570 1788 2637 Daumviri.
1817 2560 1846 2656 )
1877 2569 2035 2636 Post
2058 2567 2456 2636 trierarchos
2500 2580 2569 2636 et
2606 2591 2731 2636 na-

595 2673 880 2742 varchos
915 2675 1133 2743 Graeci
1169 2673 1462 2742 habuere
1508 2671 2079 2766 πεντηκοντάρχους
2108 2726 2128 2761 ,
2170 2673 2262 2742 sic
2298 2697 2339 2740 a
2380 2687 2734 2768 pentecon-

593 2791 745 2847 toro
770 2780 1016 2874 navigii
1041 2805 1280 2874 genere
1307 2781 1701 2849 nominatos.
1728 2781 1988 2847 Horum
2012 2777 2307 2847 officium
2327 2792 2469 2848 erat
2495 2793 2733 2848 cuncta

591 2885 848 2954 triremi
877 2887 1243 2955 necessaria
1270 2910 1490 2954 emere
1516 2900 1583 2954 et
1607 2884 1969 2953 adducere:
1994 2884 2343 2954 Demosth.
2367 2887 2555 2953 Orat.
2584 2884 2728 2953 adv.

589 2989 929 3084 Polydem.
973 2991 1173 3085 Apud
1209 2994 1550 3060 Romanos
1584 2991 1715 3060 hoc
1757 2989 2051 3059 officium
2093 2989 2357 3059 videtur
2398 2989 2733 3059 addictum

597 3096 1114 3165 centurionibus.
1166 3097 1543 3167 Trierarchi
1586 3110 1807 3167 autem
1862 3111 1929 3166 et
1970 3096 2513 3192 pentecontarchi
2542 3095 2735 3165 .mili-

596 3200 756 3269 tiam
811 3202 1226 3296 potissimum
1283 3203 1607 3273 curabant
1623 3255 1643 3291 ,
1694 3202 1807 3273 sed
1856 3204 2330 3299 gubernatores
2383 3200 2538 3270 licet
2580 3203 2735 3296 ipsis

601 3307 882 3400 subjecti
916 3333 1058 3380 rem
1099 3308 1647 3378 administrabant
1686 3309 2027 3396 navalem3
2072 3331 2149 3378 ac
2190 3309 2480 3404 primum
2521 3308 2737 3377 nautis

603 3436 682 3481 ac
725 3415 1085 3510 remigibus
1120 3416 1555 3511 imperabant.
1594 3414 1828 3487 Pollux
1856 3441 1871 3484 ε
1912 3421 1944 3482 ὁ
1983 3415 2084 3482 ἐπὶ
2119 3423 2245 3484 τῶν
2288 3414 2510 3482 οἰάκων
2551 3413 2735 3488 καθῆ·

604 3545 779 3610 μενος
823 3528 1100 3588 καλεῖται
1135 3518 1506 3618 κυὸερνῆτης
1534 3573 1555 3606 ,
1592 3528 1626 3589 ὁ
1660 3529 1898 3590 ναυτῶν
1942 3517 2164 3614 ἄρχων.
2194 3524 2283 3589 Et
2319 3523 2485 3590 Stat.
2526 3519 2733 3590 Theb.

604 3626 811 3715 VIII,
848 3653 911 3696 v.
957 3626 1103 3723 267
1145 3654 1161 3696 :

933 3825 1267 3843 .........
1321 3787 1448 3842 Stat
1477 3782 1640 3840 solus
1666 3803 1867 3862 puppe
1892 3768 2185 3860 magister.

605 3937 888 4006 Sedebat
922 3937 1126 4033 igitur
1156 3938 1226 4005 in
1268 3959 1494 4031 puppe
1516 3987 1537 4022 ,
1579 3959 1713 4027 quo
1756 3932 2010 4004 facilius
2053 3932 2280 4002 videre
2315 3947 2543 4027 posset
2575 3931 2735 4027 quid

607 4068 727 4138 per
749 4057 954 4114 totam
979 4043 1200 4113 navim
1224 4035 1698 4134 fieret‚aliique
1722 4040 2042 4133 imperata
2068 4040 2207 4134 ejus
2232 4037 2467 4110 melius
2490 4040 2735 4134 accipe-
