3017 5042
840 451 1714 520 GEOGRAPHICUS.
1838 548 1844 558 Ι
2199 451 2339 523 331

238 601 367 654 tura
385 588 684 669 Dttetia,
719 598 881 652 tunc
909 581 1253 670 urbecula,
1286 607 1407 651 suo
1441 584 1570 651 situ
1593 596 1852 652 tantum
1879 586 1948 652 in
1978 583 2357 656 insula'Cae-

238 690 377 760 saris
404 677 610 758 nostri
646 679 1016 758 attentione*
1036 688 1237 784 digna
1268 713 1283 756 ε
1313 689 1437 757 ista
1467 713 1649 758 nunc
1685 705 1822 758 tam
1851 689 2353 786 opulentissima

238 796 494 890 praedia,
532 821 677 890 quae
720 809 1017 864 nostram
1060 795 1297 863 urbem
1331 795 1489 864 hinc
1529 810 1597 864 et
1637 796 1792 864 iude
1839 799 2153 891 cingunt,
2195 799 2352 868 istas

238 902 401 971 villas
434 903 820 996 magnificas
858 916 925 970 et
958 901 1201 997 palatia
1236 926 1471 996 regum
1515 903 1932 996 occupabant
1968 903 2240 997 paludes
2283 919 2356 973 et

240 1010 549 1103 imperviae
600 1009 831 1103 sylvae,
870 1033 1035 1102 quas
1078 1010 1268 1102 regni
1315 1007 1532 1102 gallici
1575 1008 1783 1078 moles
1822 1011 2144 1078 immensa
2182 1035 2348 1079 non-

240 1115 377 1184 dum
416 1118 675 1210 penitus
716 1117 889 1184 eruit
928 1128 1080 1208 post
1122 1127 1226 1182 tot
1268 1115 1508 1184 saecula
1543 1130 1831 1209 peracta.
1880 1118 2150 1210 Optima
2195 1139 2360 1211 pars

238 1223 613 1291 Parisiorum
640 1221 874 1290 finium
910 1221 1177 1290 videtur
1210 1219 1295 1288 ad
1318 1221 1660 1290 meridiem
1693 1222 1818 1292 sita
1845 1223 2015 1291 iniis
2046 1221 2204 1292 locis
2237 1223 2352 1291 ubi

240 1335 373 1396 sunt
392 1319 593 1398 hodie
618 1353 810 1424 mons
828 1329 1087 1397 Sanctae
1106 1327 1686 1416 Genovefoe,nunc
1703 1329 1888 1397 urbis
1913 1344 2156 1398 nostrae
2173 1353 2357 1424 parS,

238 1449 295 1502 et
325 1435 441 1503 alia
478 1435 621 1504 loca
660 1434 785 1504 sub
819 1435 1332 1529 imperatoribus
1364 1437 1655 1504 romanis
1687 1437 1948 1504 Cereris
1976 1437 2358 1530 Bacchique

238 1543 647 1634 proventibus
686 1541 916 1612 felicia.
951 1543 1265 1610 Attamen
1294 1541 1433 1635 jam
1478 1556 1642 1610 tunc
1679 1541 1802 1610 sub
1828 1542 2094 1610 Tiberio
2125 1543 2358 1611 Parisii

238 1647 599 1717 nonnullam
630 1673 671 1716 a
716 1649 1117 1718 commercio
1158 1649 1624 1719 auctoritatem
1665 1673 1868 1744 supra
1905 1650 2162 1718 vicinos
2202 1670 2358 1718 suos

237 1751 536 1843 habuere,
579 1769 655 1822 ut
690 1769 877 1850 patet
912 1778 995 1822 ex
1022 1751 1348 1850 lapidibus
1378 1755 1716 1849 parisinis,
1753 1759 1920 1848 quos
1944 1753 2116 1823 libro
2141 1779 2215 1824 vl
2242 1754 2358 1822 de-

240 1862 633 1954 scripsimus:
660 1861 775 1930 sed
805 1862 1020 1956 reipsa
1043 1860 1263 1930 nullus
1292 1861 1377 1929 ad
1403 1860 1773 1955 augendam
1800 1863 2080 1930 Lutetiae
2109 1856 2352 1928 famam

237 1965 491 2062 amplius
527 1982 601 2036 et
636 1968 973 2037 efficacius
1010 1967 1361 2054 conduxit,
1393 1991 1598 2061 quam
1627 1968 1926 2035 Julianus
1957 1968 2360 2062 imperator,

239 2074 357 2160 cui,
388 2075 669 2144 audeam
709 2074 965 2162 dicere,
1000 2099 1137 2143 non
1172 2073 1387 2143 solum
1418 2075 1721 2161 Lutetia,
1751 2073 1863 2142 sed
1893 2088 1960 2141 et
1995 2083 2136 2142 tota
2171 2074 2356 2141 Pari·

238 2180 439 2249 siensis
456 2183 701 2250 'civitas
722 2207 914 2250 suum
945 2172 1193 2250 nomen
1224 2204 1542 2275 suamque
1565 2180 1792 2249 debuit
1820 2183 2351 2275 prosperitatem.

236 2286 326 2354 De
362 2290 618 2382 origine
650 2303 717 2356 et
746 2287 1148 2383 etymologia
1180 2289 1467 2357 nominis
1504 2289 1907 2357 Parisiorum
1946 2285 2153 2354 multa
2187 2288 2359 2354 inter

240 2415 299 2459 se
334 2393 756 2490 disputarunt
810 2394 1085 2478 eruditi3
1128 2395 1239 2464 alii
1280 2393 1517 2462 volunt
1548 2419 1586 2462 a
1616 2394 1852 2463 Paride
1869 2447 1889 2481 ,
1929 2393 2198 2462 Helenae
2243 2417 2356 2460 ra-

238 2513 439 2592 ptore,
465 2525 715 2571 nomen
751 2503 1033 2596 cepisse,
1058 2526 1205 2595 quae
1244 2502 1469 2594 opinio
1504 2499 1784 2569 ridicula
1820 2499 2181 2568 admodum
2219 2511 2355 2568 est:

118 2677 127 2686 ,
240 2629 377 2674 nam
412 2608 572 2702 quid
608 2609 783 2675 inter
818 2607 1153 2700 trOJanum
1194 2606 1497 2674 Paridem
1534 2620 1602 2674 et
1647 2619 1882 2674 nautas
1918 2597 2201 2674 insulam
2233 2607 2359 2672 Pa·-

241 2712 518 2783 risiacam
550 2712 919 2782 incolentes
956 2711 1355 2782 commune?
1390 2711 1518 2780 Alii
1545 2712 1630 2778 ab
1651 2711 1861 2797 Iside,
1889 2711 2078 2804 cujus
2112 2734 2362 2778 numen

240 2816 449 2888 dicunt
495 2844 763 2890 summo
810 2821 1068 2888 honore
1110 2819 1413 2887 habitum
1454 2817 1652 2914 apud·
1677 2819 1960 2885 Parisios
2001 2817 2362 2910 antiquitus

240 2921 454 3015 fuisse3
477 2927 681 2996 iidem
704 2927 997 2994 afferunt
1018 2927 1088 2993 in
1113 2926 1564 2994 testimonium
1581 2978 1599 3008 ,
1627 2938 1696 2992 et
1721 2925 1944 2992 vicum
1971 2927 2132 3016 Issy
2147 2947 2360 3017 prope

240 3030 552 3102 Lutetiam
570 3087 591 3122 ,
626 3033 743 3101 uhi
768 3033 1001 3102 dicunt
1022 3032 1215 3102 Isidis
1246 3030 1567 3125 templum
1598 3031 1917 3099 exstitisse
1937 3085 1956 3118 ,
1989 3031 2158 3098 sicut
2183 3031 2252 3097 in
2278 3055 2358 3098 eo

240 3132 393 3227 loco,
414 3141 528 3208 ubi
552 3163 735 3208 nunc
760 3154 860 3208 est
886 3141 1123 3208 hortus
1153 3139 1393 3232 regius,
1426 3137 1998 3231 Luxemburgicus
2025 3136 2262 3224 dictus,
2293 3149 2361 3203 et

238 3259 479 3334 partem
515 3245 809 3316 ecclesiae
844 3249 1068 3316 Sancti
1108 3245 1746 3338 Germani-a·pratis
1763 3298 1782 3330 ,
1817 3269 2018 3338 quam
2059 3255 2365 3312 asserunt

240 3373 423 3444 super
448 3353 881 3422 fimdamenta
906 3352 1139 3446 templi
1167 3353 1408 3420 veteris
1426 3349 1586 3418 Isidi
1613 3353 1982 3419 consecrati
2009 3364 2362 3434 structam3

240 3455 343 3525 sed
366 3458 509 3529 haec
535 3482 722 3529 mera
746 3473 901 3527 sunt
928 3461 1206 3544 somnia,
1234 3483 1357 3526 nec
1386 3456 1596 3526 ullum
1625 3481 1918 3550 unquam
1939 3458 2201 3524 Parisiis
2225 3477 2365 3522 ere-

240 3575 407 3631 ctum
432 3565 561 3634 fuit
586 3580 1094 3633 monumentum
1110 3619 1129 3650 ,
1146 3564 1327 3658 quod
1346 3563 1599 3632 cultum
1619 3563 1817 3632 Isidis
1839 3576 2357 3657 repraesentaret.

238 3668 444 3739 Pauca
480 3673 757 3766 vestigia
790 3672 1197 3766 antiquitatis
1230 3684 1584 3765 supersunt
1611 3671 1675 3738 in
1717 3682 1944 3738 nostra
1978 3669 2176 3753 urbe,
2213 3691 2363 3760 quae

239 3773 337 3842 vel
372 3777 605 3848 celtica
640 3793 796 3847 sunt
823 3793 889 3846 et
921 3779 1197 3846 numina
1222 3775 1455 3846 celtica
1489 3776 1836 3863 exhibent,
1871 3789 1946 3842 ut
1974 3774 2220 3869 lapides
2247 3797 2363 3866 pa-

238 3882 451 3970 risini3
488 3884 593 3952 vel
618 3907 950 3973 romana,
989 3898 1065 3952 ut
1104 3882 1381 3952 thermae
1410 3882 1722 3970 Julianae‚
1753 3897 1949 3975 atque
1991 3881 2362 3974 fragmenta

236 3983 339 4054 illa
379 3991 448 4056 in
485 3991 692 4078 'horto
737 4015 937 4086 supra
980 3991 1160 4060 dicto
1198 4015 1414 4086 nuper
1456 4004 1740 4084 reperta.
1781 3988 1906 4057 Alii
1945 4011 1982 4054 a
2011 4011 2177 4054 voce
2207 4009 2364 4081 grae-

240 4116 312 4160 ca
330 4099 665 4189 παῤῥησία,
692 4099 761 4167 id
792 4114 922 4186 est,
950 4123 989 4167 a
1016 4096 1319 4168 libertate
1348 4095 1664 4191 loquendi
1693 4121 1706 4162 :
1739 4095 1852 4165 sed
1885 4109 1952 4164 et
1985 4094 2116 4163 hoc
2147 4095 2365 4188 ipsum

2688 4804 2845 4826 Α
