3017 5042
557 430 645 516 18
1157 431 1232 498 c.
1288 431 1577 499 JULII
1632 429 2099 503 CAESARIS

649 555 680 584 '⁴‘
711 565 814 632 Ex
857 587 937 632 eo
981 577 1210 634 autem
1249 589 1404 632 eum
1435 577 1521 632 et
1548 578 1875 657 perpetuo
1911 562 2151 651 coluit,
2184 577 2251 633 et
2286 564 2703 634 humanitate

544 695 661 743 sua
705 668 1091 762 complexus
1135 685 1274 758 est,
1305 684 1381 740 ut
1414 668 1743 738 scribente
1780 670 1848 738 in
1886 669 2150 740 laudem
2194 673 2469 740 Catonis
2511 674 2701 742 Cice-

541 767 706 850 rone
741 777 1146 864 orationem,
1190 779 1332 871 ipse
1363 801 1443 845 ex
1475 775 1757 846 adverso
1799 777 2129 862 scribens,
2152 775 2523 848 dictionem
2558 779 2705 871 ejus

541 899 608 954 et
650 885 852 951 vitam
899 885 1070 952 sicut
1121 885 1404 952 maxime
1445 907 1832 976 germanam
1878 882 2157 974 Periclis⁸
2175 935 2195 971 ‚-
2234 885 2703 956 Theramenis⁶

541 1015 671 1085 que
706 989 1068 1058 extolleret.
1107 994 1234 1058 Ex
1274 989 1655 1059 Plutarcho
1668 1041 1691 1076 ,
1730 995 1801 1057 ίη
1834 991 2172 1060 Cicerone.

647 1089 677 1119 ⁴*
706 1098 935 1185 Quum.
965 1098 1205 1166 Cicero
1233 1099 1301 1164 in
1329 1097 1470 1190 ejus
1502 1097 1883 1164 encomium
1906 1087 2020 1184 (id
2050 1111 2152 1166 est
2180 1089 2487 1187 Catonis)
2509 1095 2701 1166 libel-

539 1203 677 1272 lum
717 1217 1083 1291 exat-asset,
1109 1204 1298 1296 cujus
1327 1201 1590 1291 tituluS‚
1620 1206 1795 1276 Cato
1810 1230 1838 1288 ,·
1882 1205 2137 1272 Contra
2168 1205 2393 1272 Caesar
2418 1228 2698 1290 accusa·-

538 1313 787 1381 tionem
833 1311 1228 1404 conscripsit
1245 1363 1264 1396 ‚
1291 1311 1482 1402 cujus
1524 1309 1789 1397 titulus,
1816 1313 2154 1379 Anticato
2170 1365 2193 1398 ,
2226 1313 2353 1380 Ex
2380 1313 2710 1406 Appiani

539 1418 646 1486 lib.
689 1419 789 1503 II,
835 1420 906 1486 Β.
948 1419 1023 1486 C.
1065 1441 1214 1510 pag.
1253 1419 1425 1511 490.

647 1526 906 1592 Rursus
944 1525 1170 1592 Caesar
1205 1521 1372 1592 adeo
1411 1521 1597 1590 illum
1643 1523 2006 1591 admiratus
2035 1537 2136 1591 est
2166 1515 2193 1612 (
2222 1547 2464 1617 nempe
2504 1526 2703 1593 Cato-

541 1641 694 1698 neni
718 1621 770 1717 )‚
807 1644 884 1699 ut
927 1655 1135 1724 quum
1173 1631 1464 1699 Cicero
1447 1654 1515 1696 m
1549 1630 1690 1723 ejus
1732 1628 1993 1698 laudem
2030 1644 2262 1724 postea
2299 1631 2699 1723 scripsisset,

537 1736 701 1805 nihil
739 1736 1006 1830 quidem
1052 1737 1546 1823 succensuerit;
1584 1737 1847 1805 tametsi
1885 1760 2071 1804 arma
2116 1736 2501 1842 sumpsisset
2533 1761 2699 1806 con·

541 1859 644 1912 tra
677 1870 787 1913 se·
826 1842 1036 1913 edidit
1071 1858 1296 1914 autem
1340 1841 1635 1912 libellum
1654 1869 1901 1938 ‚quem
1944 1844 2281 1938 inscripsit
2316 1845 2693 1926 AnticatO,

539 1965 663 2021 etc.
703 1955 828 2020 Ex
863 1953 1114 2020 Dionis
1154 1953 1382 2022 Cassii
1413 1949 1523 2018 lib.
1562 1952 1799 2018 XLIII
1821 2003 1840 2035 ‚
1870 1974 2021 2044 pag.
2072 1977 2111 2018 2
2134 1974 2223 2045 19
2264 1949 2387 2018 Ed.
2428 1953 2696 2019 Hanov.

643 2044 740 2124 Ἐκ
769 2049 838 2124 δὲ
877 2084 1104 2124 τουτου
1133 2048 1390 2123 διετέλει
1425 2065 1623 2149 τιμῶν
1662 2055 1765 2124 καὶ
1801 2059 2377 2150 φιλοφρονούμενος,
2407 2061 2529 2134 ὥςε
2556 2057 2696 2140 καὶ,

537 2161 850 2260 γράψαντι
883 2165 1068 2258 λόγον
1109 2166 1406 2257 ἐγκώμιον
1453 2163 1753 2240 Κάτωνος
1793 2164 2220 2256 ἀντιγράφων,
2259 2164 2365 2230 τόν
2405 2189 2475 2230 τε
2508 2164 2695 2258 λόγον

537 2277 730 2338 αὐτοῦ
785 2271 886 2336 καὶ
940 2271 1048 2338 τὸν
1105 2268 1278 2353 βίον,
1327 2276 1405 2346 ὡς
1457 2268 1695 2361 μάλιςα
1748 2279 1841 2356 τῷ
1895 2272 2256 2363 Περικλέους
2304 2271 2549 2337 ἐοικότα
2592 2269 2697 2338 καὶ

538 2379 929 2470 Θηραμένους
969 2379 1256 2444 ἐπαινεῖν·
1298 2381 1328 2441 ὁ
1369 2376 1476 2468 μὲν
1517 2374 1617 2443 οὖν
1656 2377 1996 2469 Κικέρωνος
2029 2379 2213 2472 λόγος
2249 2375 2513 2458 Κάτων,
2550 2381 2582 2442 ὁ
2623 2368 2694 2444 δὲ

540 2483 851 2576 Καίσαρος
867 2472 1263 2566 ,Αντικάτων
1293 2483 1759 2576 ἐπιγέγραπται.
1777 2485 1901 2552 Ex
1926 2485 2119 2564 Plut.
2136 2489 2208 2551 ίη
2241 2483 2373 2552 Cic.
2388 2536 2409 2568 ,
2431 2507 2495 2576 p.
2518 2481 2690 2553 880.

648 2591 989 2683 Κικέρωνος
1045 2580 1116 2655 δὲ
1169 2591 1539 2667 ποιήσαντος
1592 2592 1887 2684 ἐγκώμιον
1938 2589 2019 2668 εἰς
2068 2591 2254 2657 αὐτὸν
2306 2579 2692 2682 (Κάτωνα)

541 2696 644 2763 καὶ
681 2693 1134 2790 ἐπιγράψαντος
1171 2697 1519 2780 ΚΑΤΩΝ,
1562 2694 1905 2790 ἀντέγραψε
1944 2696 2319 2792 κατηγορίαν
2356 2702 2388 2762 ὁ
2430 2699 2694 2790 Καῖσαρ,

541 2805 644 2870 καὶ
682 2800 1020 2898 ἐπέγραψεν
1066 2803 1604 2870 ΑΝΤΙΚΑΤΩΝ.
1646 2805 1772 2872 Ex
1807 2805 2133 2899 Appiani
2169 2802 2283 2872 lib.
2331 2806 2428 2871 II.

653 2914 843 2977 Οὕτω
895 2908 1013 3002 γὰρ
1068 2901 1598 3001 ἀνατεθαυμάκει,
1653 2914 1776 2987 ὥςε
1830 2922 1943 2978 τοῦ
1994 2912 2335 3002 Κικέρωνος
2395 2911 2691 3002 ἐγκώμιον

543 3013 706 3108 μετὰ
751 3027 957 3083 ταῦτα
1002 3019 1194 3081 αὐτοῦ
1247 3009 1642 3105 (Κάτωνος)
1678 3013 2064 3110 γραψάντος,
2113 3017 2539 3110 ἀγανακτῆσαι
2584 3017 2690 3108 μὲν

548 3114 790 3214 μηδὲν,
833 3121 1049 3216 καίπερ
1096 3120 1198 3188 καὶ
1247 3121 1470 3188 ἐκείνου
1520 3124 1575 3189 οἱ
1619 3115 2285 3216 προσπολεμῆσαντος,
2336 3117 2571 3208 βιὸλίον
2622 3114 2695 3188 δέ

545 3256 608 3296 τι
649 3227 918 3323 γράψαι,
955 3227 987 3294 ὃ
1031 3227 1134 3295 καὶ
1171 3230 1685 3296 ΑΝΤΙΚΑΤΩΝ
1730 3231 2030 3297 ἐκάλεσεν.
2068 3233 2193 3298 Ex
2231 3231 2479 3297 Diones
2526 3231 2585 3300 (⁷
2580 3252 2693 3296 as

545 3340 635 3404 sa·
668 3334 778 3404 lib.
825 3337 1090 3404 XLIII.

548 3553 666 3620 Ex
725 3571 998 3618 Limus
1054 3572 1159 3616 DE
1215 3549 1665 3617 ANALoelA
1708 3571 1828 3617 ‘An
1884 3551 1979 3616 M.
2036 3551 2107 3615 T.
2168 3551 2690 3618 Cmmzowmt.

652 3750 946 3928 Reliqu5it
987 3764 1055 3817 et
1098 3748 1181 3816 de
1225 3749 1547 3844 Analogia
1581 3748 1750 3818 duos
1791 3747 2035 3837 librm,
2077 3765 2200 3824 etc.
2236 3754 2362 3820 Ex
2400 3753 2583 3820 Suet.
2625 3755 2695 3818 z‘tz

554 3863 724 3932 Coes.
765 3884 820 3927 c.
923 3857 990 3926 6.

655 3957 686 3987 ⁴*
715 3968 791 4035 C.
837 3967 1060 4034 Caesar
1101 3961 1183 4032 de
1225 3961 1548 4056 *Analogia
1592 3959 1795 4030 libros
1840 3961 2043 4031 edidit
2064 4018 2082 4051 ‚
2128 3964 2338 4032 sciens
2380 3964 2519 4030 sine
2562 3987 2641 4031 ea
2676 4016 2694 4049 ,

550 4097 766 4168 neque
797 4071 882 4139 ad
919 4069 1448 4164 philosophiam,
1477 4071 1545 4135 in
1597 4093 1727 4161 qua
1778 4070 2208 4162 peritissimus
2254 4084 2397 4138 erat
2424 4123 2443 4156 ‚
2480 4095 2694 4164 neque
