3017 5042
624 384 776 456 216
1515 381 1882 450 INDEX

624 533 759 588 tem
782 515 1199 607 Desiderium
1216 505 1722 606 (Mont-Dcdier
1742 505 1802 602 )‚
1817 539 1936 582 seu
1969 514 2466 609 Gratepenche.
2483 516 2616 585 Res
2642 517 2757 612 igi-

622 639 736 694 tur
758 627 827 693 in
855 625 1057 693 dubio
1081 637 1303 718 potest
1328 624 1568 691 merito
1591 620 1909 716 relinqui3
1930 622 2298 716 proesertim
2317 675 2336 708 ‚
2358 647 2568 716 quum
2589 623 2760 693 nulla

626 733 960 827 supersint
999 744 1466 817 monumenta,
1495 753 1642 823 quae
1672 753 1812 796 rem
1843 743 2029 798 certo
2065 743 2364 823 apertam
2407 728 2758 800 declarent.

736 842 1111 908 Bfflzrmm.
1146 841 1252 906 De
1279 838 1355 907 iis
1384 836 1536 905 vide
1560 851 1860 906 nostrum
1893 832 2090 924 LIV,
2114 839 2186 905 Β.
2221 839 2305 906 G.
2333 851 2402 905 et
2429 835 2520 904 ibi
2549 851 2766 925 notas,

557 973 565 979 ·
632 958 701 1014 et
728 946 969 1032 Strab.‚
989 945 1029 1013 l.
1052 969 1153 1033 w,
1178 971 1233 1014 c.
1265 941 1341 1032 53
1372 945 1484 1038 qui
1513 945 1588 1012 iis
1608 968 1918 1038 magnam
1952 942 2446 1024 similitudinem
2473 944 2769 1012 attribuit

632 1077 787 1120 cum
827 1050 1072 1139 Gallis,
1104 1050 1220 1121 sed
1243 1052 1566 1144 majorem
1603 1065 1960 1137 staturam3
1984 1049 2254 1119 eosdem
2285 1049 2426 1120 fere
2462 1075 2688 1118 mores
2708 1064 2772 1118 et

631 1183 831 1227 usum
876 1159 1061 1245 vitae,
1094 1158 1209 1228 sed
1255 1157 1649 1244 ferociores,
1685 1157 2006 1252 adsignat.
2053 1157 2225 1228 Vide
2267 1181 2536 1250 quoque
2563 1155 2770 1225 Ptole-

632 1290 880 1334 maeum
911 1263 951 1332 l.
991 1289 1080 1354 11,
1110 1290 1168 1333 c.
1214 1291 1295 1352 23
1327 1265 1485 1333 item
1523 1267 1829 1334 Tacitum
1853 1265 1921 1333 in
1957 1262 2086 1333 Jul.
2123 1262 2413 1359 Agricol.
2447 1264 2613 1331 vita.
2644 1265 2774 1333 Cae-

630 1385 890 1460 terum,
934 1373 1248 1465 quoniam
1298 1371 1711 1466 temporibus
1757 1371 1914 1440 Julii
1952 1371 2229 1440 Caesaris
2267 1393 2508 1464 parum
2550 1393 2773 1439 nosce·

636 1476 916 1566 bantur,
946 1477 1107 1546 nihil
1146 1476 1430 1571 amplius
1467 1478 1550 1547 de
1592 1479 1668 1547 iis
1703 1478 2020 1547 dicemus.

743 1588 1173 1653 ΒΜΤΑΝΝῙΑ.
1222 1583 1393 1652 Vide
1437 1587 1808 1673 Caesarem,
1851 1588 1924 1652 B.
1971 1586 2054 1652 G.
2097 1582 2206 1652 lib.
2254 1583 2391 1669 lv,
2439 1597 2520 1651 ut
2565 1607 2774 1677 supra.

748 1693 1240 1760 BRUNnusmM
1286 1683 1406 1778 (B.
1456 1678 1548 1759 C.
1581 1690 1624 1758 l.
1670 1714 1736 1778 1,
1785 1693 1918 1776 24,
1981 1685 2114 1777 25,
2166 1715 2302 1784 27,
2351 1687 2488 1776 30,
2523 1704 2596 1758 et
2639 1687 2778 1756 alibi

636 1797 883 1892 passim
918 1787 965 1886 ).
1024 1795 1154 1882 40⁰
1188 1783 1238 1886 ξ
1275 1795 1439 1865 latit.
1460 1849 1481 1884 ‚
1521 1811 1587 1865 et
1642 1821 1666 1865 1
1690 1783 1832 1887 5⁰}
1871 1795 2099 1890 longit.
2137 1795 2320 1864 Urbs
2355 1794 2780 1864 celeberrima

547 1943 551 1947 -
638 1901 992 1992 Calabriae,
1036 1917 1105 1971 et
1146 1917 1379 1997 portus
1420 1903 1800 1972 notissimus
1828 1902 2019 1996 juxta
2065 1926 2251 1970 mare
2298 1905 2587 1970 Ionium.
2625 1905 2780 1972 Pto-

638 2007 873 2078 lemaeo
910 2002 1263 2104 Βρενδέσιον
1284 2063 1307 2096 ,
1342 1999 1457 2079 seu
1492 2012 1863 2105 Βρεντέσιον.
1902 2008 2097 2104 Idem·
2136 2007 2244 2076 lib.
2293 2033 2470 2097 vlu,
2513 2035 2582 2104 p.
2617 2034 2783 2104 227,

640 2117 745 2186 ed.
789 2120 967 2186 Bert.
1015 2118 1092 2183 τὸ
1132 2109 1201 2184 δὲ
1242 2119 1591 2210 Βρεντέσιον
1633 2126 1746 2192 τῆν
1782 2113 2038 2210 μεγίςην
2075 2116 2307 2208 ἡμέραν
2351 2117 2478 2208 ἔχει
2515 2121 2688 2210 ὡρῶν
2729 2107 2782 2181 ιδ

638 2226 703 2292 λ’
752 2252 813 2318 γ.
864 2223 968 2291 καὶ
1014 2213 1293 2300 διέςηκεν
1336 2213 1785 2316 Ᾱλεξανδρείας
1828 2223 1978 2315 πρὸς
2017 2213 2220 2300 δόσεις
2248 2227 2428 2316 ὥραις
2481 2250 2522 2289 α
2552 2221 2661 2290 καὶ
2689 2248 2782 2300 ας.

646 2329 927 2416 Strabo,
954 2327 995 2396 l.
1028 2353 1137 2416 vl,
1167 2355 1231 2426 p.
1274 2333 1417 2426 194
1436 2371 1465 2418 ,ι
1486 2329 1640 2398 edit.
1679 2331 1856 2405 citat.
1907 2357 1942 2394 (ε
1964 2328 2411 2398 Brundusium
2446 2328 2665 2398 fertur
2699 2353 2786 2398 co-

641 2434 825 2504 lonia
871 2452 1199 2531 occupata
1226 2463 1267 2504 a
1303 2437 1772 2524 CretensibuS‚
1818 2435 1934 2530 qui
1969 2459 2124 2504 eum
2168 2436 2430 2504 Theseo
2460 2460 2498 2503 e
2527 2438 2788 2504 Gnosso

644 2541 803 2612 illuc
846 2546 1276 2639 pervenerint
1319 2569 1335 2610 ε
1374 2558 1530 2638 post
1581 2543 1931 2612 accessisse
1975 2567 2092 2612 eos
2120 2596 2140 2631 ,
2188 2543 2304 2636 qui
2345 2567 2504 2611 cum
2548 2544 2789 2638 Iapyge

642 2677 684 2720 e
708 2650 931 2722 Sicilia
962 2677 1045 2720 eo
1080 2651 1387 2730 venerint
1416 2647 1820 2744 (.utrumque
1855 2651 2032 2717 enim
2076 2648 2362 2717 traditur
2379 2640 2437 2736 );
2473 2648 2591 2718 sed
2622 2650 2789 2743 prio-

642 2785 751 2830 res
795 2784 933 2830 non
968 2760 1317 2828 cohaesisse
1344 2783 1510 2828 eum
1549 2755 2024 2852 posterioribus
2044 2809 2063 2844 ‚
2091 2779 2326 2824 verum
2357 2757 2427 2824 in
2451 2757 2790 2826 Bottiaeam

646 2867 901 2936 abiisse.
935 2869 1175 2935 Postea
1206 2867 1526 2958 temporis
1561 2863 2010 2933 Brundusium
2027 2916 2048 2951 ‚
2079 2887 2288 2956 quum
2325 2887 2558 2958 regem
2596 2863 2788 2932 habe-

644 2987 782 3060 ret,
829 2971 1115 3042 multum
1164 2973 1308 3067 agri
1350 2972 1600 3056 amisit,
1651 2969 2036 3063 ademptum
2071 2993 2110 3037 a
2155 2971 2500 3063 Spartanis
2517 3023 2538 3055 .,
2571 2972 2692 3063 qui
2723 2993 2792 3036 eo

650 3103 808 3149 cum
853 3079 1177 3149 Phalanto
1224 3065 1587 3166 venerant3
1635 3101 1835 3183 quem
1901 3091 2128 3144 tamen
2185 3074 2456 3170 pulsum
2507 3078 2792 3144 Tarento

647 3186 1054 3256 Brundusini
1096 3199 1495 3279 receperunt
1516 3237 1535 3272 ‚
1587 3197 2060 3277 mortuumque
2117 3181 2466 3277 splendida
2507 3198 2671 3252 sunt
2709 3182 2791 3251 di-

650 3293 837 3386 gnati
860 3292 1217 3388 sepultura.
1240 3293 1418 3385 Ager
1444 3293 1744 3385 ipsorum
1775 3303 1875 3361 est
1904 3314 2104 3384 quam
2132 3290 2656 3358 Tarentinorum
2681 3313 2796 3359 me·

648 3397 777 3468 lior
807 3425 821 3466 :
848 3415 924 3468 ut
952 3402 1130 3468 enim
1164 3400 1384 3468 minus
1418 3398 1726 3493 glebosus
1757 3411 1892 3484 est,
1919 3399 2014 3464 ita
2037 3396 2294 3468 fructus
2319 3411 2560 3466 contra
2589 3396 2793 3465 bonos

646 3505 927 3600 profert.
966 3505 1106 3574 Mel
1140 3504 1409 3599 quidem
1451 3520 1520 3574 et
1561 3505 1728 3574 lanae
1771 3504 1912 3597 ejus
1949 3529 2106 3604 cum
2149 3505 2382 3598 primis
2425 3501 2792 3572 laudantur.

642 3612 753 3682 Ad
792 3612 935 3685 haec
965 3611 1418 3681 Brundusium
1465 3627 1700 3704 portus
1735 3611 1943 3682 habet
1983 3635 2185 3704 quam
2215 3613 2588 3680 Tarentum
2621 3635 2792 3680 com·

647 3717 984 3789 modiores
1015 3743 1030 3785 τ
1060 3743 1217 3786 nam
1256 3718 1342 3786 ad
1382 3717 1832 3787 Brundusium
1875 3716 2078 3786 multi·
2096 3715 2534 3787 includuntur
2571 3731 2794 3812 portus

647 3827 849 3893 unico
873 3825 1081 3912 aditu,
1096 3849 1137 3892 a
1159 3824 1471 3894 fluctibus
1491 3827 1618 3893 tuti
1641 3826 1857 3894 :intus
1882 3825 2166 3918 receptis
2189 3824 2365 3891 intra
2387 3823 2617 3892 fauces
2645 3819 2795 3892 mul·

646 3933 731 4000 tis
754 3932 1036 4019 finibus,
1064 3933 1157 4000 ita
1180 3932 1278 3999 uti
1310 3955 1544 3998 eorum
1573 3929 1791 3999 forma
1818 3930 2104 4027 figuram
2133 3955 2464 4000 cornuum
2499 3932 2791 3998 cervino-

640 4063 794 4110 rum
811 4041 1173 4134 >exprimat3
1194 4037 1373 4109 unde
1396 4051 1465 4107 et
1474 4037 1630 4107 urbi
1647 4061 1916 4108 nomen.
1931 4039 2156 4109 Locus
2181 4038 2392 4126 enim,
2407 4039 2461 4106 si
2480 4061 2619 4108 una
2646 4059 2788 4108 cum
