3017 5042
836 455 1711 524 GEOGRAPHICUS.
2191 457 2340 554 377

212 593 359 656 suis
394 603 461 656 et
488 589 867 681 Drappetis
908 591 1125 681 copiis
1164 578 1348 680 (cap.
1384 584 1477 656 32
1498 579 1543 675 ).
1591 586 2083 657 Uxellodunum
2123 603 2345 660 autem

214 708 363 763 erat
400 708 656 762 natura
698 693 838 760 loci
872 698 1143 786 egregie
1186 698 1513 762 munitum
1567 683 1805 782 (ibid.)
1830 744 2050 762 .......
2099 699 2347 766 Omnes

212 799 458 895 oppidi
473 813 727 894 partes
755 803 1134 893 proeruptzs
1182 803 1383 868 saxis
1416 812 1608 868 erant
1649 804 1928 868 munitoe
1946 852 1967 884 ,
2007 823 2144 895 quo
2168 855 2189 888 ,
2231 803 2346 871 de—

43 927 46 994 5
188 905 539 994 findente
583 905 771 972 nullo
786 958 809 991 ,
864 920 1093 972 tamen
1132 910 1423 974 armatis
1464 905 1834 974 ascendere
1876 921 2020 974 erat
2063 907 2350 1002 difficile

214 1005 399 1105 (cap.
439 1001 733 1097 33)....
771 1011 966 1101 juxta
1008 1010 1243 1081 urbem
1282 1026 1428 1079 erat
1478 1009 1665 1080 locus
1717 1013 2269 1082 eminentissimus
2310 1038 2351 1082 a

215 1115 387 1186 valle
444 1115 777 1210 profunda
824 1128 1185 1210 separatus.
1244 1116 1350 1185 Ibi
1414 1118 1616 1211 igitur
1660 1119 2108 1195 Caninius.
2165 1125 2349 1189 trina

215 1225 681 1292 exceLszssimo
736 1222 888 1291 loco
942 1238 1179 1292 castra
1204 1221 1405 1313 fecit
1440 1213 1680 1312 (ibid.)
1703 1275 1718 1290 .
1748 1271 1763 1287 .
1789 1277 1842 1292 ..
1901 1227 1972 1294 F
1966 1225 2191 1294 lumen
2243 1231 2346 1294 in·

199 1331 451 1420 simam
485 1329 735 1398 vallem
772 1327 1147 1415 dividebat,
1193 1352 1353 1423 quoe
1394 1344 1608 1398 totum
1633 1354 1848 1425 paene
1875 1346 2169 1400 montem
2209 1338 2348 1401 cin·

208 1435 453 1527 gebat,
475 1440 547 1502 in
571 1457 707 1527 quo
719 1439 1027 1529 positum
1044 1450 1228 1504 erat.
1250 1489 1263 1502 .
1284 1487 1334 1503 ..
1372 1437 1888 1506 Uxellodunum.
1909 1441 2070 1506 Hoc
2070 1433 2350 1529 flumen

214 1546 437 1610 averti
470 1541 611 1608 loci
650 1555 909 1610 natura
935 1541 1395 1637 prohibeban-
1448 1548 1550 1611 sic
1593 1549 1769 1611 enim
1815 1549 1966 1612 inus
2005 1543 2351 1614 radicibus

216 1645 886 1736 montisserebatur,
920 1663 999 1716 ut
1024 1649 1287 1718 nnllam
1312 1653 1385 1716 in
1398 1664 1680 1742 partem
1701 1701 1724 1734 ,
1760 1649 2100 1744 depressis
2114 1651 2352 1742 fossis

212 1753 515 1822 derivari
532 1769 769 1847 posset
813 1745 991 1847 (cap.
1037 1745 1205 1840 40).
1226 1807 1241 1820 .
1262 1805 1277 1821 .
1298 1807 1311 1820 .
1354 1770 1514 1822 erat
1543 1769 1774 1823 autem
1807 1755 2176 1850 oppidanis
2211 1757 2351 1846 difl

208 1859 417 1937 fi’cilis
451 1874 525 1926 et
546 1875 947 1954 proeruptus
981 1885 1065 1928 eo
1098 1859 1463 1928 descensus
1496 1851 1758 1947 (ibid.)'.
1779 1913 1793 1928 .
1813 1915 1826 1928 .
1846 1914 1861 1928 .
1909 1863 2160 1930 Montis
2195 1887 2352 1956 pars

216 1967 493 2033 minima
527 1965 799 2034 flumine
838 1989 977 2033 non
1018 1967 1409 2059 cingebatur
1432 1992 1453 2033 .·
1492 1991 1584 2034 ea
1610 1983 1827 2061 parte
1859 1968 2202 2060 quaesere
2220 1993 2350 2062 pe·

215 2071 375 2140 dum
438 2072 616 2140 CCC
678 2073 1032 2140 intervallo
1064 2070 1389 2162 fluminis
1448 2078 1732 2142 circuitu
1787 2073 2101 2142 vacabat
2159 2066 2345 2169 (cap.

218 2180 315 2260 40
331 2179 391 2264 ).
414 2229 429 2244 .
452 2229 467 2244 .
486 2229 501 2242 .
558 2177 685 2246 sub
738 2183 951 2272 ipsius·
1002 2185 1179 2248 enim
1238 2180 1482 2274 oppidi
1529 2203 1791 2248 murum
1841 2203 2134 2274 magnus
2164 2179 2353 2269 sons

215 2306 427 2376 aquae
438 2284 939 2379 prorumpebat
953 2337 975 2370 ,
1014 2285 1111 2353 ab
1148 2309 1236 2354 ea
1250 2302 1497 2382 parte,
1532 2287 1872 2380 quaesere
1883 2286 2144 2383 pedum
2173 2288 2352 2356 CCC

214 2390 575 2458 intervallo
591 2388 915 2480 fluminis
950 2396 1233 2460 circuitu
1270 2392 1572 2462 vacabat
1607 2384 1786 2486 (cap.
1831 2397 1930 2478 40
1946 2393 1991 2480 ).

317 2499 423 2564 Ea
465 2511 621 2564 sunt
662 2499 995 2590 praecipua
1050 2496 1233 2566 urbis
1290 2500 1576 2590 antiquae
1629 2497 2110 2568 delineamenta
2135 2552 2154 2584 ‚
2205 2525 2352 2593 quae

215 2601 281 2668 in
328 2601 777 2695 descriptione
834 2602 1317 2672 hodiernorum
1378 2603 1681 2674 locorum
1737 2604 1892 2674 huic
1944 2605 2350 2674 contentioni

214 2708 665 2779 obnoxiorum
684 2760 705 2793 ‚
744 2710 799 2776 si
832 2734 969 2778 non
1014 2709 1272 2795 omnia,
1306 2724 1375 2778 at
1411 2723 1590 2778 certe
1627 2708 1820 2802 plura
1853 2733 2204 2780 occurrere
2229 2710 2352 2778 de-

214 2813 396 2882 bent.
444 2815 567 2883 His
607 2815 955 2907 praemissis
973 2867 993 2902 ‚
1028 2813 1115 2882 ad
1156 2816 1375 2908 capita
1417 2815 1734 2908 praedicta
1775 2830 2062 2884 transeo,

338 2919 403 2988 1⁰
449 2921 533 2987 Et
582 2921 871 3013 primum
920 2922 1277 2990 auctoritas
1326 2920 1882 3014 geographorum.
1938 2923 2042 2990 Ne
2085 2920 2168 2988 de
2211 2920 2352 2990 aliis
2408 2960 2412 2964 -

216 3015 605 3119 loquamur,
650 3025 971 3094 habemus
1008 3050 1133 3118 pro
1170 3027 1233 3094 le
1256 3051 1415 3120 puy
1444 3012 1780 3111 d’Issolu‚
1819 3029 1859 3095 J
1863 3029 2128 3112 unium,
2165 3029 2355 3098 Orte-

216 3130 377 3199 lium
397 3185 417 3217 ,
448 3133 581 3199 JOS.
614 3129 1055 3226 scaligerum,
1079 3130 1244 3201 Phil.
1276 3131 1509 3200 Labbe
1541 3157 1578 3198 e
1611 3134 1924 3201 societate
1951 3136 2108 3202 Jesu
2135 3128 2354 3218 (Pha-

214 3263 330 3306 rus
382 3238 639 3306 Gallice
678 3242 986 3332 antiquae
1042 3261 1070 3306 1
1085 3235 1236 3323 644
1236 3231 1280 3322 )
1293 3290 1314 3323 ,
1354 3237 1672 3306 Hadrian.
1708 3237 2044 3308 Valesium
2087 3234 2349 3324 (Notit.

219 3338 659 3427 Galliarum)
677 3395 699 3428 ,
774 3346 849 3412 A
850 3343 1121 3412 bbatem
1182 3344 1277 3413 de.
1338 3348 1407 3411 V
1402 3367 1612 3436 eyrac
1629 3399 1650 3429 ‚
1719 3358 1789 3412 et
1818 3357 1822 3361 ’
1847 3343 2350 3414 celeberrimum

212 3449 592 3518 D'Anville
632 3445 931 3532 (Notice
964 3449 1053 3518 de
1092 3451 1168 3518 la
1213 3445 1479 3534 Gaule)
1503 3475 1532 3535 ,·
1579 3475 1704 3545 pro
1747 3451 2151 3546 Capdenac‚
2201 3449 2354 3520 Bla-

178 3607 181 3610 -
215 3557 390 3622 sium
434 3554 523 3622 de
565 3556 642 3623 V
632 3550 899 3648 igenere
936 3555 977 3641 (
1000 3556 1203 3624 Trad.
1247 3555 1371 3624 des
1411 3563 1932 3626 commentaires
1973 3557 2060 3626 de
2099 3549 2346 3642 Ce‘sar,

224 3657 429 3752 1589
470 3675 537 3729 et
593 3656 854 3745 1603),
900 3660 1219 3729 illustrem
1258 3664 1590 3731 Comitem
1621 3661 1709 3730 de
1751 3662 2002 3754 Caylus
2041 3659 2362 3747 (Recueil

211 3758 700 3858 d’antiqla‘te's,
744 3769 817 3833 T.
848 3769 938 3854 V,
966 3791 1028 3861 p.
1068 3791 1211 3861 277
1249 3781 1317 3834 et
1348 3791 1483 3860 seq.
1488 3762 1569 3852 );
1605 3768 1890 3860 denique
1918 3770 2136 3837 virum
2171 3770 2354 3836 omni
2401 3764 2406 3772 ’

214 3871 524 3940 doctrina
566 3886 632 3940 et
674 3871 803 3940 fide
840 3886 1147 3941 ornatum
1195 3872 1669 3966 Clzampollion
1713 3877 2008 3966 ingeaQ
2049 3875 2116 3941 in
2152 3898 2358 3967 opere

218 3979 329 4044 cui
388 3975 653 4046 titulus:
711 3980 1077 4050 Nouvelles
1121 3977 1508 4046 recherches
1559 4003 1678 4046 sur
1722 3980 1796 4047 la
1851 3982 2001 4051 ville
2045 3981 2359 4073 gauloise

217 4081 837 4166 d'Uxellodunum‚
882 4098 1005 4154 etc.
1047 4084 1227 4152 Paris
1287 4084 1507 4172 1820,
1547 4086 1612 4153 in
1657 4087 1764 4169 4⁰.
