3017 5042
579 475 675 544 26
1159 477 1235 546 C.
1291 477 1577 544 JULII
1632 476 2102 545 CAESARIS

571 606 931 702 gnificant,
973 609 1079 676 III
1124 606 1250 675 kal.
1290 608 1426 702 jan.
1470 609 1797 677 matutino
1842 608 2045 678 Canis
2090 606 2418 677 occidens.
2463 609 2720 679 Paullo

555 731 766 810 post:
785 713 1002 782 Pridie
1021 716 1623 784 non.Jan.Caesa1-i
1649 714 2023 810 Delphinus
2041 717 2371 784 matutino
2392 717 2721 800 exoritur,

571 836 636 889 et
676 835 944 916 postero
981 820 1086 888 die
1117 807 1500 909 Fidicula,
1528 847 1663 916 quo
1699 824 1987 916 AEgypto
2026 822 2279 916 Sagitta
2308 824 2573 914 vesperi
2604 847 2720 890 oc

571 927 751 996 cidit.
812 929 1070 996 Paullo
1091 941 1324 1022 post:
1368 930 1428 996 A
1469 931 1770 996 Favonio
1812 929 1881 995 in
1928 930 2394 1021 aequinoctium
2436 953 2723 996 vernum

572 1034 818 1102 Caesari
869 1033 1200 1128 significat
1249 1035 1457 1102 XVII
1520 1031 1668 1105 Kal.
1695 1035 1937 1112 ‘Martii
1980 1034 2275 1102 triduum
2319 1022 2543 1102 varie⁴
2550 1034 2617 1101 ⁰:
2656 1049 2722 1102 et

568 1141 740 1208 VIII
784 1138 934 1206 Kal.
975 1139 1363 1208 Hirundinis
1407 1127 1643 1228 visu⁴¹‚
1663 1155 1730 1209 et
1759 1155 2029 1234 postero
2071 1140 2179 1209 die
2217 1142 2485 1208 Arcturi
2527 1165 2721 1209 exor-

569 1260 642 1313 tu
675 1247 1072 1340 vespertino.
1105 1248 1275 1314 Item
1320 1249 1428 1314 III
1472 1249 1648 1316 Νοη.
1681 1251 1883 1316 Mart.
1926 1249 2149 1315 Caesar
2194 1249 2436 1316 Cancri
2481 1271 2645 1315 exon
2647 1261 2721 1316 tu

550 1351 635 1419 ·id
695 1351 838 1420 fieri
884 1352 1282 1420 observavit.
1329 1355 1585 1423 Paullo
1618 1369 1829 1450 post:
1860 1356 2083 1423 Caesar
2126 1368 2192 1421 et
2233 1352 2397 1422 Idus
2438 1355 2723 1424 Martias

569 1457 808 1527 ferales
865 1445 1052 1526 sibi⁴²
1101 1461 1445 1527 annotavit
1494 1456 1922 1597 Scorpionis&
1916 1485 2177 1528 occasu.
2219 1461 2475 1528 Paullo
2502 1476 2725 1556 post:

565 1566 670 1632 III
713 1567 944 1636 Nonas
983 1567 1140 1659 Apr.
1195 1567 1263 1632 in
1293 1567 1514 1636 Attica
1553 1551 1922 1660 Vergilia-‘2⁴³
1969 1567 2227 1660 vesperi
2272 1565 2717 1636 occultantur.

514 1674 519 1678 ’
565 1671 834 1740 Eaedem
871 1671 1246 1765 postridie
1227 1697 1298 1740 in
1339 1675 1641 1742 Boeotia.
1685 1675 1931 1744 Caesari
1974 1687 2195 1741 autem
2234 1687 2301 1740 et
2338 1671 2673 1742 Chaldaeis
2699 1725 2719 1760 ,

564 1779 796 1848 Nonis.
841 1781 1098 1850 Paullo
1134 1795 1311 1875 post
1343 1805 1363 1847 .·
1406 1781 1652 1849 Caesari
1695 1781 1794 1848 VI
1845 1779 2007 1848 Idus
2050 1778 2458 1873 significatur
2500 1779 2717 1848 imber

564 1883 786 1954 Librae
823 1909 1065 1956 occasu
1106 1912 1120 1954 :
1165 1888 1334 1954 XIV
1384 1885 1539 1954 Kal.
1578 1887 1741 1956 Maii
1762 1888 2051 2003 AEgypto
2094 1884 2355 1957 Suculae
2398 1885 2723 1956 occidunt

563 1993 861 2085 vesperi,
893 1991 1071 2060 sidus
1098 1991 1456 2061 vehemens
1484 2007 1553 2060 et
1580 2007 1771 2062 terrae
1805 1993 2101 2085 marique
2134 1991 2519 2076 turbidum,
2547 1995 2719 2060 XVI

565 2097 840 2184 Atticae,
867 2101 993 2165 XV
1034 2100 1317 2179 Caesari,
1344 2101 1795 2193 continuoque
1828 2099 2049 2166 triduo
2078 2097 2423 2193 significat.
2459 2099 2719 2167 Paullo

551 2219 760 2295 post.
751 2205 868 2272 ·VI
886 2206 1116 2271 Nonas
1137 2205 1301 2272 Maii
1327 2205 1578 2274 Caesari
1599 2192 1918 2274 Suculae⁴⁴
1938 2205 2266 2272 matutino
2288 2205 2720 2291 exoriuntur,

565 2321 631 2374 et
659 2311 830 2376 VIII
870 2310 1030 2378 Idus
1065 2308 1337 2405 Capella
1368 2311 1695 2406 pluvialis.
1741 2312 2065 2381 ExPlz‘n.
2097 2311 2457 2397 LXVIII,
2489 2335 2545 2378 o.
2594 2309 2716 2378 26.

666 2417 726 2482 Α
771 2416 1214 2510 Vergiliarum
1258 2433 1496 2485 exortu
1535 2417 1913 2512 significant
1946 2419 2191 2486 Caesari
2226 2415 2547 2511 postridie
2581 2417 2717 2483 Ar·-

564 2522 736 2588 cturi
781 2544 1057 2592 occasus
1116 2525 1501 2593 matutinus.
1564 2527 1821 2594 Paullo
1853 2540 2027 2619 post
2059 2549 2080 2591 .·
2114 2525 2215 2591 XI
2260 2522 2433 2591 Kal:
2467 2524 2719 2592 Caesari

564 2629 838 2697 Orionis
877 2627 1135 2723 gladius
1182 2630 1795 2726 occidere'incipit:
1838 2633 1944 2700 III
1992 2631 2168 2700 Non.
2208 2631 2385 2698 Junii
2416 2630 2716 2715 Caesari,

564 2748 630 2800 et
680 2737 964 2829 Assyriae
1007 2737 1244 2830 Aquila
1296 2740 1558 2833 vesperi
1606 2740 1857 2820 oritur,
1895 2749 2017 2806 etc.
2069 2739 2171 2805 XI
2217 2734 2368 2804 Kal.
2417 2735 2714 2829 ejusdem

564 2842 836 2910 Orionis
889 2841 1148 2936 gladius
1197 2847 1441 2913 Caesari
1490 2844 1794 2966 occidere
1856 2845 2101 2938 incipit.
2160 2845 2285 2912 Ex
2336 2843 2515 2910 Plin.
2598 2841 2714 2910 lib.

569 2949 855 3034 XVIII,
877 2974 942 3016 c.
989 2975 1027 3016 2
1043 2973 1107 3043 7.

669 3054 728 3120 Α
749 3002 1041 3123 solstitio
1071 3055 1153 3123 ad
1185 3055 1492 3126 Fidiculae
1521 3076 1830 3125 occasum
1849 3054 2129 3124 VTKal.
2162 3057 2343 3124 Junii
2368 3047 2489 3141 (al.
2516 3045 2717 3141 Julii)

562 3161 810 3228 Caesari
849 3162 1063 3230 Orion
1101 3164 1414 3231 exoritur.
1440 3163 1697 3232 Paullo
1724 3178 1901 3257 post
1925 3187 1947 3230 .·
1988 3163 2162 3230 XIII
2202 3161 2352 3232 Kal.
2397 3161 2719 3256 Augusti,

561 3384 685 3418 rum
702 3377 853 3416 ortus
869 3366 953 3416 vel
966 3375 1180 3416 occasus
1197 3365 1422 3416 aliorum
1439 3365 1592 3434 igno·
1766 3371 1859 3427 4²·
1894 3363 2067 3416 Coesar
2094 3377 2145 3414 et
2177 3363 2285 3414 idus
2316 3365 2517 3413 martias
2528 3362 2718 3429 ferales

561 3446 754 3497 biliam
768 3457 892 3496 ortu
905 3456 958 3496 et
971 3460 1160 3496 occasu
1175 3443 1440 3498 efficacior
1457 3457 1593 3495 tem·
1680 3443 1787 3494 sibi.
1820 3443 1901 3494 Eo
1932 3444 2076 3494 enim
2108 3441 2197 3495 <fle
2226 3443 2537 3495 interfectus
2560 3442 2685 3494 fuit.

561 3537 792 3596 pestana
802 3523 1188 3576 novas-inducit
1188 3525 1592 3594 ‚qunqueooelso
1766 3524 1857 3586 43.
1900 3524 2152 3592 Vergilia.
2194 3521 2326 3574 Ideo
2368 3521 2525 3574 dicta
2542 3558 2560 3586 ,
2590 3522 2719 3593 quin

560 3604 892 3657 adherent·
1680 3620 1863 3654 emm
1896 3616 2110 3654 exortus
2142 3603 2285 3654 veris
2319 3602 2483 3653 habet
2510 3601 2718 3672 signifi-

646 3685 741 3753 39.
743 3683 988 3737 Fidicula.
1004 3683 1140 3747 Qua
1153 3681 1592 3752 Cohnnellaefides
1672 3683 1961 3735 eat-ionem.
1994 3682 2195 3734 Graecis
2220 3679 2481 3733 Pleiades.

561 3763 778 3816 dicitur.
799 3763 923 3816 Alio
940 3763 1160 3814 nomine
1174 3762 1387 3826 cithara,
1403 3763 1452 3812 Iu
1471 3763 1588 3834 lym
1764 3767 1855 3824 44.
1882 3761 2090 3815 Sueuloe.
2120 3761 2321 3814 Grecis
2348 3759 2583 3832 hyades,
2615 3761 2716 3814 ἀπὸ

646 3851 731 3906 4ο.
777 3845 1012 3896 Triduwn
1040 3846 1196 3893 varie.
1229 3841 1370 3905 Quia
1412 3842 1591 3896 varius
1675 3845 1766 3892 τοῦ
1784 3841 1912 3905 ὕων,
1934 3839 2135 3911 pluere,
2160 3839 2308 3912 quod
2336 3841 2552 3912 pluvias⁴
2574 3839 2718 3892 exci-

560 3936 640 3976 est
669 3938 924 3975 numerus
954 3921 1165 3974 dierum
1196 3921 1356 3991 hujus
1377 3923 1587 3976 mensis.
1677 3932 1810 3972 tent.
1835 3916 2317 3983 Nostrisslommi),
2334 3925 2551 3992 inperite
2562 3919 2720 3973 Sucia-

646 4010 738 4066 4¹·
764 4001 1058 4054 Hir-unditus
1080 4003 1211 4052 visu.
1244 4001 1384 4065 Quia
1409 4001 1591 4054 existi-
1679 3999 1790 4060 las,
1812 4003 1951 4072 quasi
1968 4019 2005 4050 a
2024 4001 2188 4052 suibus
2216 4013 2394 4063 essene,
2418 4019 2517 4053 non
2540 4000 2647 4051 αὖ·
2628 4019 2717 4051 ιιι-

559 4095 708 4133 mant
733 4101 828 4135 ver
854 4081 1016 4151 hujus
1038 4082 1150 4132 avio
1171 4078 1404 4132 adventu
1425 4081 1590 4170 signi-
1680 4079 1754 4130 bn
1746 4079 1842 4129 'bus
1867 4083 2148 4140 nominatae,
2168 4080 2345 4150 inquit
2364 4081 2593 4144 Cicero,
2617 4079 2715 4132 lib.

555 4162 720 4217 ficati.
971 4189 980 4196 ·
1065 4197 1070 4200 -
1211 4192 1216 4200 -
1677 4156 1752 4211 de
1778 4156 1981 4212 Natura
2006 4157 2251 4212 horum.
