3017 5042
615 444 738 523 ,68
1089 442 1872 513 SUPPLEMENTA
1924 443 2274 529 VARIA,

638 602 756 646 seu
781 591 1086 646 transtra.
1123 580 1353 661 Remi,
1404 600 1615 670 graece
1657 577 1858 642 κώπαι
1876 628 1895 662 ,
1938 575 2208 668 perticae
2244 589 2400 643 sunt
2434 573 2773 670 longiores

633 685 704 752 in
735 682 1143 752 latitudinem
1184 681 1537 777 quamdam
1577 680 1968 749 desinentes.
2002 684 2200 749 Remi
2228 680 2386 751 dicti
2423 679 2527 749 vel
2570 707 2611 750 a
2646 708 2770 751 ra·-

623 791 759 858 mis
787 789 1098 857 arborum
1120 841 1141 873 ‚
1185 788 1290 857 vel
1335 811 1375 855 a
1411 784 1829 856 removendis
1872 785 2216 876 fluctibus,
2251 799 2328 855 ut
2370 802 2677 857 tonsores
2726 813 2773 857 a

633 894 984 964 tondendis
1020 892 1270 988 capillis
1290 948 1309 981 ‚
1336 907 1403 961 et
1441 891 1567 961 alia
1602 890 1870 980 similia,
1913 892 2211 960 eamdem
2248 892 2585 961 habebant
2616 894 2769 962 for-

632 1025 809 1070 mam
829 1025 1026 1094 quam
1049 1002 1124 1068 iis
1143 1001 1298 1092 ipsis
1324 1022 1503 1067 nunc
1522 997 1840 1068 videmus.
1863 999 2006 1068 Nisi
2026 997 2205 1093 quod
2227 997 2574 1093 plumbum
2592 1025 2769 1069 non·
2850 1018 2855 1021 ’

628 1131 969 1200 nunquam
1016 1105 1379 1174 manubriis
1409 1104 1704 1172 habuere
1734 1105 2025 1192 infusum
2043 1156 2063 1191 ‚
2100 1129 2233 1197 quo
2278 1119 2552 1199 propter
2592 1131 2767 1200 pon-

627 1212 752 1281 dus
769 1211 1020 1281 facilius
1037 1225 1483 1280 moverentur.
1506 1210 1744 1279 Athen.
1769 1209 1808 1278 l.
1836 1210 1921 1279 V.
1946 1212 2053 1279 De
2071 1210 2411 1280 ordinibus
2433 1213 2768 1306 remigum

626 1342 826 1412 supra
852 1317 1157 1386 diximus,
1187 1321 1386 1386 Remi
1407 1331 1628 1384 autem
1652 1317 1831 1411 apud
1853 1330 2109 1384 veteres
2139 1318 2302 1385 loris
2331 1316 2414 1384 ad
2438 1317 2723 1387 scalmos
2744 1373 2765 1408 ‚

625 1424 757 1492 hoc
793 1437 892 1492 est
916 1477 934 1510 ‚
969 1421 1243 1516 paxillos
1283 1421 2115 1517 quosdamalligabantur,
2149 1447 2313 1517 quos
2357 1423 2594 1517 singuli
2631 1424 2765 1494 ha-

624 1529 872 1598 bebant
899 1531 1222 1624 proprios.
1260 1531 1526 1597 VitruV.
1564 1527 1603 1596 l.
1644 1531 1815 1596 XIX
1837 1583 1855 1616 ‚
1886 1553 1940 1596 c.
1983 1532 2031 1613 4
2063 1553 2077 1595 :
2110 1532 2350 1596 Etiam
2377 1535 2549 1597 remi
2570 1535 2767 1600 εἰναι

622 1636 922 1703 scalmos
958 1635 1256 1729 strophis
1293 1635 1583 1728 religati.
1630 1637 1817 1702 Lora
1834 1687 1859 1719 ,
1900 1658 2113 1730 graece
2157 1633 2376 1726 τροπαὶ
2396 1687 2416 1720 ,
2455 1659 2571 1703 seu
2603 1662 2764 1728 τρο-

537 1743 540 1746 ’
626 1751 926 1835 πωτῆρες.
973 1744 1172 1808 Hom.
1219 1740 1350 1808 Od.
1398 1744 1448 1806 Δ
1492 1765 1508 1806 :

887 1883 1244 1991 Ἡρτῦναντο
1276 1889 1334 1963 δ’
1367 1896 1593 1989 ἐρετμὰ
1632 1905 1881 1990 τροποῖς
1905 1901 1963 1964 ἐν
1992 1890 2425 1994 δερματίνοισι.

619 2056 844 2127 Schol.
890 2053 1076 2130 Δηλοὶ
1116 2083 1260 2134 τους
1297 2064 1703 2146 τροπωτῆρας
1724 2107 1743 2138 ,
1777 2055 1913 2147 περὶ
1951 2054 2051 2134 οὓς
2092 2058 2155 2124 αἱ
2182 2062 2387 2126 κώπαν.
2421 2061 2757 2152 τρέπονται

622 2163 725 2230 καὶ
747 2164 1159 2254 στρέφονται’
1133 2187 1192 2228 εν
1219 2161 1391 2253 ἱμάσι
1414 2166 1543 2236 τοῖς
1562 2151 2047 2252 περιδεδεμένοις
2071 2170 2205 2241 ταῖς
2229 2167 2483 2242 κώπαις.
2496 2167 2757 2237 Latinis

619 2292 884 2360 quoque
904 2267 1171 2361 strophe
1173 2319 1196 2352 ,
1221 2265 1326 2333 vel
1349 2269 1655 2360 struppi,
1686 2267 2039 2336 Germanis
2066 2283 2326 2364 stropp.
2344 2261 2503 2356 (Les
2526 2296 2763 2342 rames

619 2367 884 2442 &taient
916 2364 1272 2441 attache'es
1296 2396 1448 2467 par
1467 2371 1605 2444 ,des
1646 2387 1913 2468 estrops
1926 2427 1948 2459 ,
1981 2374 2269 2468 strophis
2284 2424 2303 2458 ,
2333 2399 2482 2444 aux
2504 2379 2709 2447 tolets
2726 2433 2749 2466 ,

621 2477 886 2548 scalmis
899 2531 918 2567 ,
931 2469 1140 2572 stze's
1185 2501 1280 2546 au
1300 2479 1493 2572 plat·
1501 2476 1679 2546 bord
1684 2503 1713 2562 ‚·
1760 2493 1830 2546 et
1870 2480 2034 2548 elles
2052 2471 2500 2574 pendnaaent
2530 2477 2579 2550 ὰ
2608 2501 2756 2554 tra-

617 2609 766 2654 vers
813 2586 876 2654 le
901 2589 1357 2679 peritonez‘um
1376 2606 1530 2679 par
1564 2582 1686 2652 des
1721 2583 2013 2654 sabords
2046 2585 2135 2654 de
2178 2610 2363 2680 uage
2378 2640 2401 2673 ,
2450 2583 2757 2660 nomme's

617 2688 1028 2759 columbarii.
1074 2693 1174 2758 M.
1210 2693 1439 2758 Hem-i
1448 2741 1471 2774 ,
1517 2680 1851 2760 Me'moire
1885 2715 2005 2760 sm·
2047 2692 2123 2760 la
2158 2699 2421 2762 marine
2455 2693 2576 2764 des
2615 2721 2754 2766 an·-

564 2826 572 2832 ·
620 2801 837 2882 caim-5,
871 2821 952 2892 p.
997 2789 1161 2881 56.)
1199 2798 1305 2863 De
1340 2796 1478 2863 istis
1514 2807 1736 2862 autem
1782 2797 1988 2887 ἱμάσι,
2012 2797 2351 2891 pellebas,
2393 2799 2476 2866 de
2513 2803 2755 2894 quibus

611 2899 912 2995 loquitur
951 2901 1228 2969 Homeri
1265 2899 1486 2968 Schol.
1531 2899 1917 2995 dubitatur:
1948 2901 2119 2970 forte
2146 2920 2552 2992 asc-omnm,
2594 2933 2755 2977 mu-

613 3009 914 3075 nimenta
953 3005 1228 3100 pellicea
1271 3005 1620 3098 quaedam
1601 3031 1670 3072 m
1693 3006 2169 3077 foraminibus
2150 3012 2228 3079 iis
2261 3036 2383 3105 per
2410 3035 2557 3104 quae
2586 3018 2757 3084 remi

615 3126 1001 3182 exeruntur.
1043 3114 1194 3180 Fuit
1231 3126 1298 3179 et
1333 3109 1462 3180 alia
1501 3108 1736 3206 pellis
1718 3135 1785 3178 m
1823 3113 2135 3204 navibus,
2177 3141 2387 3209 graece
2426 3120 2751 3211 ὑπηρέσιον

609 3218 823 3305 dicta,
851 3242 1051 3312 quam
1087 3217 1207 3286 sibi
1243 3216 1750 3286 substernebant
1776 3220 2076 3313 remiges.
2101 3238 2121 3263 ⁰

725 3327 940 3410 Vela,
977 3331 1276 3410 tumioes,
1321 3347 1533 3418 graece
1572 3325 1888 3412 φώσσωνες
1908 3375 1927 3406 ,
1963 3325 2132 3418 παρὰ
2175 3329 2249 3394 τὸ
2298 3331 2654 3418 φυσᾶσθαι*
2630 3337 2749 3402 υπ’

617 3433 884 3523 ἀνέμων,
921 3435 1088 3524 quia.
1126 3445 1330 3499 vento
1373 3443 1810 3515 tumescunt;
1858 3430 2133 3499 aliter*
2090 3441 2354 3526 αρμενα’,
2390 3436 2503 3504 sed
2540 3437 2749 3534 vulgo

617 3538 786 3625 ἱςία,
821 3535 1078 3630 singula
1120 3537 1303 3631 prius
1351 3535 1535 3601 fuere
1578 3535 1648 3601 in
1702 3559 1962 3630 quaque
2004 3539 2197 3626 navi,
2243 3540 2393 3610 dein
2435 3541 2630 3636 plura
2681 3559 2753 3615 et

611 3646 832 3738 primo
876 3658 1226 3727 artemon,
1275 3639 1455 3734 quod
1522 3641 1591 3706 in
1642 3639 1789 3708 fuso
1834 3666 2033 3736 supra
2066 3657 2421 3716 antennam
2468 3674 2747 3743 suspen·

611 3751 830 3836 ditur,
861 3763 962 3835 et,
985 3761 1059 3816 ut
1089 3749 1180 3815 ait
1200 3694 1531 3831 isidorus,
1560 3745 1919 3840 dirigendae
1941 3750 2159 3841 potius
2188 3755 2373 3822 navis
2400 3779 2745 3824 commen-

610 3856 824 3926 datur.
865 3855 1124 3923 Mentio
1158 3835 1376 3920 illius
1357 3875 1425 3918 in
1462 3799 1643 3920 A'ctis
1679 3853 1908 3947 Apost.
1950 3857 2245 3944 XXVII,
2280 3884 2345 3925 v.
2387 3863 2535 3945 40:
2584 3863 2746 3929 ἐποί-

611 3988 822 4056 ραντες
869 3962 979 4027 τὸν
1023 3960 1326 4051 ἀρτέμονα
1368 3967 1449 4051 τῇ
1496 3960 1789 4052 πνεούσῃ,
1836 3969 2123 4056 κατεῖχον
2166 3964 2245 4041 εἰς
2291 3965 2399 4032 τὸν
2438 3966 2739 4060 αἰγιαλόν.

606 4072 914 4152 Acatus,
957 4064 1242 4152 ἀκάτιον,
1283 4065 1645 4136 maximum
1696 4087 1774 4137 ac
1817 4068 2166 4161 proprium
2202 4069 2445 4142 velum.
2482 4073 2740 4143 lubens
