3017 5042
526 431 620 504 28
1107 435 1183 502 C.
1240 434 1529 502 JULII
1594 433 2067 503 CAESARIS

517 575 863 644 vissimum
881 628 900 662 ‚
941 573 1103 643 dum
1139 574 1224 642 ab
1268 574 1460 644 Urbe
1495 575 1565 643 in
1602 576 1989 670 Hispaniam
2032 574 2415 645 ulteriorem
2452 579 2556 647 IV
2598 569 2669 647 et

518 684 655 749 XX
669 667 720 712 ⁴⁶
765 679 872 749 die
908 680 1232 775 pervenit.
1268 683 1450 751 Suet.
1485 686 1558 748 in
1595 684 1905 769 Caesare,
1938 707 1999 750 e.
2046 679 2163 752 56.

627 789 959 855 Feruntur
1002 801 1072 856 et
1104 811 1146 856 a
1179 811 1388 880 puero
1425 801 1494 855 et
1534 786 1619 856 ab
1650 786 2142 860 adolescentulo
2172 787 2475 882 quaedam
2508 791 2668 858 scri-

520 905 637 987 pta
666 918 680 959 :
709 908 787 964 ut
825 893 1103 962 Laudes
1135 894 1457 978 Herculeis
1474 947 1497 980 ,
1542 893 1866 988 tragoedia
1912 895 2267 991 OEdcpus,
2302 909 2461 983 etc.;
2498 921 2669 991 quos

521 1023 753 1067 omnes
801 998 1056 1068 libellos
1101 1001 1312 1067 vetuit
1369 1000 1711 1094 Augustus
1754 998 2101 1094 publicari.
2148 1005 2331 1072 Suet.
2372 1005 2445 1070 in
2489 1005 2663 1075 Caes.

520 1129 577 1173 c.
630 1101 746 1174 56.

626 1210 797 1281 Olus
841 1235 1119 1304 ‚quoque
1189 1209 1488 1280 silvestre
1554 1226 1655 1282 est
1714 1214 1917 1281 trium
1968 1211 2285 1284 ‚foliorum
2307 1266 2325 1297 ‚
2368 1215 2457 1282 D.
2505 1210 2669 1282 Julii

517 1317 922 1386 carminibus
981 1318 1318 1412 praecipu'e
1371 1319 1671 1412 jocisque
1732 1316 2125 1388 militaribus
2196 1318 2605 1389 celebratum
2654 1345 2667 1386 :

521 1423 788 1492 alternis
825 1424 1072 1518 quippe
1112 1423 1410 1494 versibus
1443 1425 1933 1519 exprobravere
1964 1425 2236 1520 lapsana
2248 1411 2299 1465 ⁴⁷
2328 1451 2396 1496 se
2430 1427 2671 1496 vixisse

521 1529 699 1623 apud
750 1530 1200 1623 Dyrrachium
1217 1583 1236 1618 ‚
1288 1533 1715 1624 praemiorum
1750 1533 2230 1626 parcimoniam
2252 1518 2304 1564 ⁴⁸
2346 1531 2670 1602 cavillan-

408 1637 412 1644 ’
521 1649 638 1704 tes.
673 1638 797 1705 Est
829 1651 1050 1705 autem
1085 1636 1151 1705 id
1189 1661 1381 1730 cyma
1411 1636 1745 1707 silvestris.
1775 1639 1953 1708 Plc'n.
1994 1639 2104 1710 lib.
2146 1642 2357 1726 XIX,
2398 1664 2454 1708 c.
2492 1639 2560 1709 8.

630 1745 973 1828 Donatus,
1015 1767 1130 1811 seu
1182 1744 1404 1838 potius
1453 1745 1808 1814 Suetonius
1832 1799 1851 1833 ,
1900 1746 1971 1812 in
2032 1747 2168 1814 vita
2211 1747 2501 1815 Terentii
2545 1745 2674 1814 hos

527 1848 651 1916 sub
691 1850 766 1918 C.
809 1852 847 1917 J
851 1848 966 1917 ulii
1003 1851 1283 1919 Caesaris
1324 1853 1595 1919 nomine
1636 1875 1867 1920 versus
1904 1852 2260 1945 producit:

642 2045 736 2098 Tu
765 2060 1036 2118 qnoque,
1062 2051 1129 2097 tu
1161 2041 1225 2098 in
1259 2040 1504 2100 summis
1525 2083 1543 2113 ,
1574 2059 1611 2098 ο
1638 2039 1941 2101 dimidiate
1968 2041 2300 2101 Menander
2319 2045 2392 2113 ⁴⁹,

637 2137 914 2210 Poneris,
946 2149 1004 2194 et
1037 2137 1247 2195 merito
1267 2179 1284 2206 ,
1320 2138 1457 2214 puri
1488 2139 1775 2196 sermonis
1798 2151 2023 2198 amator
2050 2160 2062 2196 :

643 2235 907 2293 Lenibus
935 2246 1112 2314 atque
1137 2235 1366 2293 utinam
1394 2237 1631 2314 scriptis
1659 2237 1939 2316 adjuncta
1963 2237 2120 2296 foret
2144 2237 2233 2295 vis

643 2331 881 2390 Comica
901 2376 918 2404 ‚
941 2343 1008 2389 ut
1035 2343 1270 2411 aequato
1301 2333 1488 2390 virtus
1514 2332 1775 2411 polleret
1805 2331 2034 2391 honore

645 2431 797 2486 Cum
830 2429 1078 2500 Graecis,
1111 2449 1310 2508 neque
1340 2429 1402 2486 in
1435 2429 1545 2487 hac
1577 2429 1889 2508 despectus
1929 2441 2095 2509 parte
2118 2431 2363 2508 jaceres.

647 2531 850 2586 Unum
883 2527 996 2584 hoc
1025 2546 1293 2585 maceror
1313 2571 1330 2599 ‚
1365 2539 1426 2584 et
1465 2525 1647 2584 doleo
1678 2526 1790 2585 tibi
1818 2525 2023 2585 deesse
2049 2570 2067 2600 ,
2104 2527 2369 2588 Terenti.

576 2734 614 2742 ‘
636 2717 934 2808 Sequens
991 2716 1189 2784 etiam
1243 2717 1679 2810 Epigramma
1731 2715 1808 2784 C.
1862 2713 2039 2784 Julio
2104 2717 2350 2785 Caesari
2404 2714 2672 2810 quidam

530 2821 937 2910 inscribunt,
974 2821 1082 2890 alii
1123 2823 1528 2892 Germanico
1560 2847 1576 2889 :

610 3005 804 3064 Thrax
834 3025 987 3082 puer
1017 3005 1296 3064 adstricto
1322 3005 1510 3084 glacie
1540 2997 1687 3063 dum
1717 3004 1875 3064 ludit
1900 3006 1965 3063 in
1992 3005 2193 3064 Hebro
2214 3049 2232 3078 ,

689 3101 958 3160 Pondere
985 3115 1302 3160 concretas·
1317 3103 1537 3182 frigore
1578 3103 1743 3180 rupit
1769 3123 1969 3182 aquas.

612 3205 892 3278 Dumque
925 3201 1059 3258 imae
1085 3211 1282 3277 partes
1307 3201 1519 3278 rapido
1547 3184 1923 3260 traherentur
1952 3201 2029 3260 ab
2050 3220 2255 3272 amne,
2354 3203 2363 3216 “

688 3298 960 3356 Abscidit
989 3310 1263 3356 tenerum
1291 3289 1523 3358 lubrica
1547 3312 1710 3358 testa.
1724 3312 1922 3378 caput.

607 3395 768 3454 Orba
797 3395 965 3474 quod
991 3394 1294 3454 inventum
1325 3408 1514 3454 mater
1543 3395 1690 3454 dum
1717 3395 1998 3456 conderet
2022 3414 2199 3465 urna,

692 3497 821 3552 Hoc
860 3493 1068 3570 peperi
1098 3493 1347 3578 flammis
1368 3538 1385 3566 ,
1415 3507 1627 3553 caetera
1657 3493 1807 3552 dixit
1834 3494 2023 3572 aquis.

622 3701 715 3760 46.
748 3696 860 3748 VII
901 3707 955 3748 et
983 3695 1091 3748 XX
1120 3695 1248 3766 legit
1289 3713 1356 3747 ex
1386 3695 1559 3748 Strab.
1646 3691 1923 3765 gnitudine
1980 3691 2372 3763 preteritorum
2430 3691 2679 3744 laborum

536 3790 589 3830 et
620 3776 846 3847 Appian.
875 3776 1232 3830 casaubonus.
1645 3773 1991 3845 praemiorum
2017 3773 2265 3844 parvitati
2290 3783 2611 3843 comparata.
2670 3811 2677 3816 -

620 3863 712 3926 47.
746 3857 976 3926 Lapsana
1003 3875 1053 3906 se
1081 3858 1276 3906 vixisse.
1304 3851 1448 3906 Vide
1463 3853 1562 3908 lib.
1731 3859 1824 3922 49.
1884 3852 2149 3904 Dimidiate
2205 3852 2489 3905 Menander.
2533 3851 2676 3916 Qui'a

539 3954 638 3999 ιιι,
664 3934 732 3987 de
762 3935 910 3988 Bello
939 3933 1130 3999 Civili,
1156 3953 1202 3988 c.
1226 3935 1321 3997 48.
1352 3946 1403 3986 et
1425 3932 1561 3988 ibid.
1646 3930 1879 3986 mediam
1906 3945 2116 3986 tantum
2144 3945 2353 4004 partem
2381 3931 2543 3985 habet
2574 3929 2677 3983 do-

537 4014 798 4068 dissertat.
823 4033 878 4068 v.
906 4032 954 4067 c.
981 4015 1198 4068 Cuma
1221 4013 1280 4066 de
1307 4013 1488 4066 Char-a.
1648 4024 1765 4066 tum
1806 4015 1945 4085 ejus;
1990 4023 2183 4084 nempe
2220 4012 2493 4066 lenitatem
2508 4047 2525 4076 ,
2563 4023 2677 4062 non

619 4096 712 4158 48.
740 4096 1053 4148 Proemiorum
1063 4096 1426 4165 parcimoniam.
1443 4094 1561 4147 Ma·
1648 4092 1759 4144 vim
1786 4104 1892 4162 qu'a
1914 4105 2074 4146 caret.
2110 4151 2117 4162 ¹
