<?xml version="1.0" encoding="UTF-8"?>
<!DOCTYPE html PUBLIC "-//W3C//DTD XHTML 1.0 Transitional//EN"
    "http://www.w3.org/TR/xhtml1/DTD/xhtml1-transitional.dtd">
<html xmlns="http://www.w3.org/1999/xhtml" xml:lang="en" lang="en">
 <head>
  <title>
</title>
<meta http-equiv="Content-Type" content="text/html;charset=utf-8" />
  <meta name='ocr-system' content='tesseract 3.04.00' />
  <meta name='ocr-capabilities' content='ocr_page ocr_carea ocr_par ocr_line ocrx_word'/>
</head>
<body>
  <div class='ocr_page' id='page_1' title='image "./caiusjuliuscsar01unkngoog/caiusjuliuscsar01unkngoog_0033.png"; bbox 0 0 3017 5042; ppageno 0'>
   <div class='ocr_carea' id='block_1_1' title="bbox 549 459 2087 540">
    <p class='ocr_par' dir='ltr' id='par_1_1' title="bbox 549 459 2087 540">
     <span class='ocr_line' id='line_1_1' title="bbox 549 459 2087 540; baseline -0.005 -1"><span class='ocrx_word' id='word_1_1' title='bbox 549 459 650 540; x_wconf 63' lang='grc' dir='ltr'><strong>Σο</strong></span> <span class='ocrx_word' id='word_1_2' title='bbox 1147 468 1224 534; x_wconf 99' lang='grc'><strong>(3.</strong></span> <span class='ocrx_word' id='word_1_3' title='bbox 1279 466 1566 534; x_wconf 86' lang='lat' dir='ltr'>JULII</span> <span class='ocrx_word' id='word_1_4' title='bbox 1620 465 2087 534; x_wconf 90' lang='lat' dir='ltr'><strong>CAESARIS</strong></span> 
     </span>
    </p>
   </div>
   <div class='ocr_carea' id='block_1_2' title="bbox 549 598 2711 1655">
    <p class='ocr_par' dir='ltr' id='par_1_2' title="bbox 549 598 2705 1124">
     <span class='ocr_line' id='line_1_2' title="bbox 550 598 2697 694; baseline -0 -23"><span class='ocrx_word' id='word_1_5' title='bbox 550 601 852 672; x_wconf 86' lang='lat' dir='ltr'><strong>accidere</strong></span> <span class='ocrx_word' id='word_1_6' title='bbox 887 599 1258 687; x_wconf 78' lang='lat' dir='ltr'><strong>arbitrariS,</strong></span> <span class='ocrx_word' id='word_1_7' title='bbox 1287 598 1468 694; x_wconf 88' lang='lat' dir='ltr'><strong>quod</strong></span> <span class='ocrx_word' id='word_1_8' title='bbox 1505 621 1709 666; x_wconf 89' lang='lat' dir='ltr'><strong>unam</strong></span> <span class='ocrx_word' id='word_1_9' title='bbox 1732 600 2007 667; x_wconf 80' lang='lat' dir='ltr'><strong>Terram</strong></span> <span class='ocrx_word' id='word_1_10' title='bbox 2023 653 2041 686; x_wconf 91' lang='lat'><strong>,</strong></span> <span class='ocrx_word' id='word_1_11' title='bbox 2070 613 2138 667; x_wconf 87' lang='lat' dir='ltr'><strong>et</strong></span> <span class='ocrx_word' id='word_1_12' title='bbox 2164 599 2387 693; x_wconf 87' lang='lat' dir='ltr'><strong>plures</strong></span> <span class='ocrx_word' id='word_1_13' title='bbox 2416 604 2657 670; x_wconf 90' lang='lat' dir='ltr'><strong>Terras</strong></span> <span class='ocrx_word' id='word_1_14' title='bbox 2676 657 2697 689; x_wconf 88' lang='lat'><strong><em>‚</em></strong></span> 
     </span>
     <span class='ocr_line' id='line_1_3' title="bbox 549 705 2705 800; baseline -0.001 -22"><span class='ocrx_word' id='word_1_15' title='bbox 549 723 618 778; x_wconf 87' lang='lat' dir='ltr'><strong>et</strong></span> <span class='ocrx_word' id='word_1_16' title='bbox 658 707 946 794; x_wconf 84' lang='lat' dir='ltr'>Urbem,</span> <span class='ocrx_word' id='word_1_17' title='bbox 981 719 1052 774; x_wconf 86' lang='lat' dir='ltr'><strong>et</strong></span> <span class='ocrx_word' id='word_1_18' title='bbox 1091 705 1351 791; x_wconf 84' lang='lat' dir='ltr'><strong>Urbes,</strong></span> <span class='ocrx_word' id='word_1_19' title='bbox 1386 720 1453 773; x_wconf 89' lang='lat' dir='ltr'><strong>et</strong></span> <span class='ocrx_word' id='word_1_20' title='bbox 1490 705 1894 799; x_wconf 85' lang='lat' dir='ltr'><strong>Imperium,</strong></span> <span class='ocrx_word' id='word_1_21' title='bbox 1924 720 1993 774; x_wconf 89' lang='lat' dir='ltr'><strong>et</strong></span> <span class='ocrx_word' id='word_1_22' title='bbox 2035 708 2323 800; x_wconf 89' lang='lat' dir='ltr'><strong>Imperia</strong></span> <span class='ocrx_word' id='word_1_23' title='bbox 2360 705 2705 778; x_wconf 74' lang='lat' dir='ltr'><strong>dicamus?</strong></span> 
     </span>
     <span class='ocr_line' id='line_1_4' title="bbox 551 811 2699 909; baseline -0 -25"><span class='ocrx_word' id='word_1_24' title='bbox 551 839 766 908; x_wconf 86' lang='lat' dir='ltr'><strong>neque-</strong></span> <span class='ocrx_word' id='word_1_25' title='bbox 833 812 1234 907; x_wconf 75' lang='lat' dir='ltr'><strong>Quadrigas</strong></span> <span class='ocrx_word' id='word_1_26' title='bbox 1292 814 1363 879; x_wconf 87' lang='lat' dir='ltr'><strong>in</strong></span> <span class='ocrx_word' id='word_1_27' title='bbox 1415 835 1620 880; x_wconf 89' lang='lat' dir='ltr'><strong>unam</strong></span> <span class='ocrx_word' id='word_1_28' title='bbox 1680 812 1967 880; x_wconf 89' lang='lat' dir='ltr'><strong>nominis</strong></span> <span class='ocrx_word' id='word_1_29' title='bbox 2012 811 2295 906; x_wconf 88' lang='lat' dir='ltr'><strong>figuram</strong></span> <span class='ocrx_word' id='word_1_30' title='bbox 2346 814 2647 909; x_wconf 84' lang='lat' dir='ltr'><strong>redigere</strong></span> <span class='ocrx_word' id='word_1_31' title='bbox 2680 870 2699 904; x_wconf 94' lang='lat'><strong>,</strong></span> 
     </span>
     <span class='ocr_line' id='line_1_5' title="bbox 550 914 2703 1016; baseline 0 -26"><span class='ocrx_word' id='word_1_32' title='bbox 550 945 766 1016; x_wconf 90' lang='lat' dir='ltr'><strong>neque</strong></span> <span class='ocrx_word' id='word_1_33' title='bbox 795 923 1159 990; x_wconf 76' lang='lat' dir='ltr'><strong>Har-enam</strong></span> <span class='ocrx_word' id='word_1_34' title='bbox 1190 920 1259 986; x_wconf 92' lang='lat' dir='ltr'><strong>in</strong></span> <span class='ocrx_word' id='word_1_35' title='bbox 1289 914 1729 986; x_wconf 85' lang='lat' dir='ltr'><strong>multitudinis</strong></span> <span class='ocrx_word' id='word_1_36' title='bbox 1764 916 2276 1012; x_wconf 82' lang='lat' dir='ltr'><strong>appellationem</strong></span> <span class='ocrx_word' id='word_1_37' title='bbox 2306 937 2703 991; x_wconf 84' lang='lat' dir='ltr'><strong>convertere</strong></span> 
     </span>
     <span class='ocr_line' id='line_1_6' title="bbox 551 1023 2221 1124; baseline -0.002 -28"><span class='ocrx_word' id='word_1_38' title='bbox 551 1025 922 1124; x_wconf 81' lang='lat' dir='ltr'><strong>possimus?</strong></span> <span class='ocrx_word' id='word_1_39' title='bbox 963 1056 1000 1092; x_wconf 71' lang='lat' dir='ltr'><strong>n</strong></span> <span class='ocrx_word' id='word_1_40' title='bbox 1047 1028 1174 1094; x_wconf 76' lang='lat' dir='ltr'><strong>Ex</strong></span> <span class='ocrx_word' id='word_1_41' title='bbox 1211 1027 1305 1096; x_wconf 86' lang='lat' dir='ltr'><strong>A.</strong></span> <span class='ocrx_word' id='word_1_42' title='bbox 1346 1025 1519 1093; x_wconf 75' lang='lat' dir='ltr'><strong>Geel.</strong></span> <span class='ocrx_word' id='word_1_43' title='bbox 1559 1023 1668 1092; x_wconf 77' lang='lat' dir='ltr'><strong>lib.</strong></span> <span class='ocrx_word' id='word_1_44' title='bbox 1714 1027 1933 1109; x_wconf 88' lang='lat' dir='ltr'><strong><em>XIX,</em></strong></span> <span class='ocrx_word' id='word_1_45' title='bbox 1978 1050 2035 1093; x_wconf 88' lang='lat' dir='ltr'><strong>c.</strong></span> <span class='ocrx_word' id='word_1_46' title='bbox 2083 1025 2149 1095; x_wconf 90' lang='grc'><strong>8.</strong></span> <span class='ocrx_word' id='word_1_47' title='bbox 2172 1023 2195 1074; x_wconf 85' lang='lat'><strong>-²</strong></span> <span class='ocrx_word' id='word_1_48' title='bbox 2198 1023 2221 1050; x_wconf 86' lang='lat'><em>²</em></span> 
     </span>
    </p>

    <p class='ocr_par' dir='ltr' id='par_1_3' title="bbox 551 1128 2711 1655">
     <span class='ocr_line' id='line_1_7' title="bbox 657 1128 2705 1228; baseline -0.001 -24"><span class='ocrx_word' id='word_1_49' title='bbox 657 1137 875 1228; x_wconf 84' lang='lat' dir='ltr'><strong>Atque</strong></span> <span class='ocrx_word' id='word_1_50' title='bbox 911 1133 978 1201; x_wconf 87' lang='lat' dir='ltr'><strong>id</strong></span> <span class='ocrx_word' id='word_1_51' title='bbox 1005 1131 1186 1226; x_wconf 89' lang='lat' dir='ltr'><strong>quod</strong></span> <span class='ocrx_word' id='word_1_52' title='bbox 1221 1155 1260 1199; x_wconf 89' lang='lat' dir='ltr'><strong>a</strong></span> <span class='ocrx_word' id='word_1_53' title='bbox 1291 1133 1366 1200; x_wconf 93' lang='grc'><strong>(3.</strong></span> <span class='ocrx_word' id='word_1_54' title='bbox 1413 1132 1679 1199; x_wconf 81' lang='lat' dir='ltr'><strong>Caesare</strong></span> <span class='ocrx_word' id='word_1_55' title='bbox 1722 1128 2100 1200; x_wconf 87' lang='lat' dir='ltr'><strong>excellentis</strong></span> <span class='ocrx_word' id='word_1_56' title='bbox 2143 1132 2389 1227; x_wconf 85' lang='lat' dir='ltr'><strong>ingenii</strong></span> <span class='ocrx_word' id='word_1_57' title='bbox 2430 1157 2512 1201; x_wconf 92' lang='lat' dir='ltr'><strong>ac</strong></span> <span class='ocrx_word' id='word_1_58' title='bbox 2540 1157 2705 1228; x_wconf 79' lang='lat' dir='ltr'><strong>pro·</strong></span> 
     </span>
     <span class='ocr_line' id='line_1_8' title="bbox 551 1231 2709 1333; baseline -0 -23"><span class='ocrx_word' id='word_1_59' title='bbox 551 1241 860 1310; x_wconf 80' lang='lat' dir='ltr'><strong>videntiae</strong></span> <span class='ocrx_word' id='word_1_60' title='bbox 905 1232 934 1326; x_wconf 85' lang='lat'><strong>(</strong></span> <span class='ocrx_word' id='word_1_61' title='bbox 971 1246 1075 1308; x_wconf 84' lang='lat' dir='ltr'><strong>ita</strong></span> <span class='ocrx_word' id='word_1_62' title='bbox 1115 1241 1208 1308; x_wconf 91' lang='lat' dir='ltr'><strong>A.</strong></span> <span class='ocrx_word' id='word_1_63' title='bbox 1262 1238 1571 1324; x_wconf 82' lang='lat' dir='ltr'><strong>Gellius,·</strong></span> <span class='ocrx_word' id='word_1_64' title='bbox 1616 1237 2021 1306; x_wconf 82' lang='lat' dir='ltr'><strong>Macrobius</strong></span> <span class='ocrx_word' id='word_1_65' title='bbox 2080 1238 2451 1333; x_wconf 66' lang='lat' dir='ltr'><strong>prudentiae</strong></span> <span class='ocrx_word' id='word_1_66' title='bbox 2481 1231 2509 1327; x_wconf 89' lang='lat'>)</span> <span class='ocrx_word' id='word_1_67' title='bbox 2555 1241 2709 1309; x_wconf 85' lang='lat' dir='ltr'><strong>viro</strong></span> 
     </span>
     <span class='ocr_line' id='line_1_9' title="bbox 553 1343 2711 1442; baseline -0 -26"><span class='ocrx_word' id='word_1_68' title='bbox 553 1353 624 1417; x_wconf 85' lang='lat' dir='ltr'><strong>in</strong></span> <span class='ocrx_word' id='word_1_69' title='bbox 668 1349 888 1442; x_wconf 88' lang='lat' dir='ltr'><strong>primo</strong></span> <span class='ocrx_word' id='word_1_70' title='bbox 931 1345 1016 1414; x_wconf 86' lang='lat' dir='ltr'><strong>de</strong></span> <span class='ocrx_word' id='word_1_71' title='bbox 1068 1344 1392 1438; x_wconf 85' lang='lat' dir='ltr'><strong>Analogia</strong></span> <span class='ocrx_word' id='word_1_72' title='bbox 1446 1343 1619 1412; x_wconf 90' lang='lat' dir='ltr'><strong>libro</strong></span> <span class='ocrx_word' id='word_1_73' title='bbox 1670 1345 1990 1438; x_wconf 85' lang='lat' dir='ltr'><strong>scriptum</strong></span> <span class='ocrx_word' id='word_1_74' title='bbox 2032 1359 2134 1413; x_wconf 91' lang='lat' dir='ltr'><strong>est</strong></span> <span class='ocrx_word' id='word_1_75' title='bbox 2156 1399 2176 1434; x_wconf 92' lang='lat'><strong>,</strong></span> <span class='ocrx_word' id='word_1_76' title='bbox 2221 1345 2397 1413; x_wconf 87' lang='lat' dir='ltr'><strong>habe</strong></span> <span class='ocrx_word' id='word_1_77' title='bbox 2440 1371 2711 1441; x_wconf 86' lang='lat' dir='ltr'><strong>semper</strong></span> 
     </span>
     <span class='ocr_line' id='line_1_10' title="bbox 552 1453 2702 1550; baseline -0 -27"><span class='ocrx_word' id='word_1_78' title='bbox 552 1459 622 1524; x_wconf 91' lang='lat' dir='ltr'><strong>in</strong></span> <span class='ocrx_word' id='word_1_79' title='bbox 665 1454 988 1522; x_wconf 87' lang='lat' dir='ltr'><strong>memoria</strong></span> <span class='ocrx_word' id='word_1_80' title='bbox 1047 1467 1246 1545; x_wconf 86' lang='lat' dir='ltr'><strong>atque</strong></span> <span class='ocrx_word' id='word_1_81' title='bbox 1299 1453 1369 1518; x_wconf 91' lang='lat' dir='ltr'><strong>in</strong></span> <span class='ocrx_word' id='word_1_82' title='bbox 1418 1465 1693 1546; x_wconf 84' lang='lat' dir='ltr'><strong>pectore</strong></span> <span class='ocrx_word' id='word_1_83' title='bbox 1713 1503 1733 1537; x_wconf 88' lang='lat'><strong>,</strong></span> <span class='ocrx_word' id='word_1_84' title='bbox 1778 1467 1858 1518; x_wconf 84' lang='lat' dir='ltr'><strong>ut</strong></span> <span class='ocrx_word' id='word_1_85' title='bbox 1905 1466 2243 1545; x_wconf 83' lang='lat' dir='ltr'><strong>tanquam</strong></span> <span class='ocrx_word' id='word_1_86' title='bbox 2304 1453 2661 1550; x_wconf 78' lang='lat' dir='ltr'><strong>scopulum</strong></span> <span class='ocrx_word' id='word_1_87' title='bbox 2676 1507 2702 1539; x_wconf 87' lang='lat'><strong>,</strong></span> 
     </span>
     <span class='ocr_line' id='line_1_11' title="bbox 552 1557 2705 1655; baseline -0.001 -25"><span class='ocrx_word' id='word_1_88' title='bbox 552 1561 914 1655; x_wconf 59' lang='lat' dir='ltr'><strong>siz-fugias</strong></span> <span class='ocrx_word' id='word_1_89' title='bbox 947 1558 1330 1628; x_wconf 80' lang='lat' dir='ltr'><strong>inauditum</strong></span> <span class='ocrx_word' id='word_1_90' title='bbox 1367 1572 1581 1651; x_wconf 84' lang='lat' dir='ltr'><strong>atque</strong></span> <span class='ocrx_word' id='word_1_91' title='bbox 1616 1558 1915 1626; x_wconf 80' lang='lat' dir='ltr'><strong>insolens</strong></span> <span class='ocrx_word' id='word_1_92' title='bbox 1936 1557 2233 1626; x_wconf 79' lang='lat' dir='ltr'><strong>vet-bum.</strong></span> <span class='ocrx_word' id='word_1_93' title='bbox 2252 1561 2379 1628; x_wconf 76' lang='lat' dir='ltr'><strong>Ex</strong></span> <span class='ocrx_word' id='word_1_94' title='bbox 2398 1563 2492 1629; x_wconf 89' lang='lat' dir='ltr'><strong>A.</strong></span> <span class='ocrx_word' id='word_1_95' title='bbox 2528 1561 2705 1629; x_wconf 74' lang='lat' dir='ltr'><strong>Geel.</strong></span> 
     </span>
    </p>
   </div>
   <div class='ocr_carea' id='block_1_3' title="bbox 458 1661 2336 1753">
    <p class='ocr_par' dir='ltr' id='par_1_4' title="bbox 458 1661 2336 1753">
     <span class='ocr_line' id='line_1_12' title="bbox 458 1661 2336 1753; baseline -0.002 -16"><span class='ocrx_word' id='word_1_96' title='bbox 458 1718 468 1726; x_wconf 82' lang='lat'><em>-</em></span> <span class='ocrx_word' id='word_1_97' title='bbox 555 1667 665 1738; x_wconf 65' lang='lat' dir='ltr'><strong>leb.</strong></span> <span class='ocrx_word' id='word_1_98' title='bbox 711 1671 783 1752; x_wconf 92' lang='lat' dir='ltr'><strong>I,</strong></span> <span class='ocrx_word' id='word_1_99' title='bbox 831 1691 887 1735; x_wconf 81' lang='lat' dir='ltr'><strong>e.</strong></span> <span class='ocrx_word' id='word_1_100' title='bbox 946 1689 1062 1753; x_wconf 81' lang='lat'><strong>103</strong></span> <span class='ocrx_word' id='word_1_101' title='bbox 1102 1681 1170 1734; x_wconf 85' lang='lat' dir='ltr'><strong>et</strong></span> <span class='ocrx_word' id='word_1_102' title='bbox 1206 1661 1524 1733; x_wconf 84' lang='lat' dir='ltr'><strong>Macrob.</strong></span> <span class='ocrx_word' id='word_1_103' title='bbox 1566 1663 1677 1732; x_wconf 76' lang='lat' dir='ltr'><strong>lib.</strong></span> <span class='ocrx_word' id='word_1_104' title='bbox 1722 1668 1799 1750; x_wconf 90' lang='lat' dir='ltr'><strong>I,</strong></span> <span class='ocrx_word' id='word_1_105' title='bbox 1851 1667 2128 1734; x_wconf 76' lang='lat' dir='ltr'><strong>Satura.</strong></span> <span class='ocrx_word' id='word_1_106' title='bbox 2168 1691 2225 1733; x_wconf 80' lang='lat' dir='ltr'><strong>e.</strong></span> <span class='ocrx_word' id='word_1_107' title='bbox 2272 1663 2336 1735; x_wconf 86' lang='lat'><strong>5.</strong></span> 
     </span>
    </p>
   </div>
   <div class='ocr_carea' id='block_1_4' title="bbox 1418 1839 1835 1910">
    <p class='ocr_par' dir='ltr' id='par_1_5' title="bbox 1418 1839 1835 1910">
     <span class='ocr_line' id='line_1_13' title="bbox 1418 1839 1835 1910; baseline 0.002 -1"><span class='ocrx_word' id='word_1_108' title='bbox 1418 1844 1489 1909; x_wconf 92' lang='lat' dir='ltr'><em>E</em></span> <span class='ocrx_word' id='word_1_109' title='bbox 1488 1863 1545 1908; x_wconf 80' lang='lat' dir='ltr'><strong><em>x</em></strong></span> <span class='ocrx_word' id='word_1_110' title='bbox 1584 1839 1697 1909; x_wconf 67' lang='lat' dir='ltr'><strong>lib.</strong></span> <span class='ocrx_word' id='word_1_111' title='bbox 1736 1844 1835 1910; x_wconf 96' lang='lat' dir='ltr'><strong>II.</strong></span> 
     </span>
    </p>
   </div>
   <div class='ocr_carea' id='block_1_5' title="bbox 561 2013 2729 3695">
    <p class='ocr_par' dir='ltr' id='par_1_6' title="bbox 561 2013 2719 2224">
     <span class='ocr_line' id='line_1_14' title="bbox 669 2013 2719 2112; baseline -0 -20"><span class='ocrx_word' id='word_1_112' title='bbox 669 2025 747 2092; x_wconf 94' lang='grc'><strong>(3.</strong></span> <span class='ocrx_word' id='word_1_113' title='bbox 787 2024 1012 2092; x_wconf 88' lang='lat' dir='ltr'><strong>Caesar</strong></span> <span class='ocrx_word' id='word_1_114' title='bbox 1056 2020 1126 2087; x_wconf 92' lang='lat' dir='ltr'><strong>in</strong></span> <span class='ocrx_word' id='word_1_115' title='bbox 1168 2015 1340 2086; x_wconf 87' lang='lat' dir='ltr'><strong>libro</strong></span> <span class='ocrx_word' id='word_1_116' title='bbox 1384 2013 1468 2084; x_wconf 86' lang='lat' dir='ltr'><strong>de</strong></span> <span class='ocrx_word' id='word_1_117' title='bbox 1512 2014 1835 2109; x_wconf 85' lang='lat' dir='ltr'><strong>Analogia</strong></span> <span class='ocrx_word' id='word_1_118' title='bbox 1877 2017 2210 2104; x_wconf 89' lang='lat' dir='ltr'><strong>secundo,</strong></span> <span class='ocrx_word' id='word_1_119' title='bbox 2253 2019 2454 2112; x_wconf 76' lang='lat' dir='ltr'><strong>hujus</strong></span> <span class='ocrx_word' id='word_1_120' title='bbox 2492 2021 2605 2090; x_wconf 82' lang='lat' dir='ltr'><strong>die</strong></span> <span class='ocrx_word' id='word_1_121' title='bbox 2643 2039 2719 2091; x_wconf 82' lang='lat' dir='ltr'><strong>et</strong></span> 
     </span>
     <span class='ocr_line' id='line_1_15' title="bbox 561 2113 2711 2224; baseline -0.002 -24"><span class='ocrx_word' id='word_1_122' title='bbox 561 2130 760 2224; x_wconf 76' lang='lat' dir='ltr'><strong>hujus</strong></span> <span class='ocrx_word' id='word_1_123' title='bbox 790 2132 1016 2224; x_wconf 80' lang='lat' dir='ltr'><strong>specie</strong></span> <span class='ocrx_word' id='word_1_124' title='bbox 1027 2122 1381 2193; x_wconf 89' lang='lat' dir='ltr'><strong>dicendum</strong></span> <span class='ocrx_word' id='word_1_125' title='bbox 1409 2135 1620 2216; x_wconf 87' lang='lat' dir='ltr'><strong>putat.</strong></span> <span class='ocrx_word' id='word_1_126' title='bbox 1654 2125 1724 2190; x_wconf 92' lang='lat' dir='ltr'><em>E</em></span> <span class='ocrx_word' id='word_1_127' title='bbox 1727 2145 1783 2190; x_wconf 77' lang='lat' dir='ltr'><strong><em>x</em></strong></span> <span class='ocrx_word' id='word_1_128' title='bbox 1804 2124 1894 2190; x_wconf 89' lang='lat' dir='ltr'><strong>A.</strong></span> <span class='ocrx_word' id='word_1_129' title='bbox 1928 2125 2099 2193; x_wconf 84' lang='lat' dir='ltr'><strong>Gell.</strong></span> <span class='ocrx_word' id='word_1_130' title='bbox 2126 2125 2237 2194; x_wconf 71' lang='lat' dir='ltr'><strong>lib.</strong></span> <span class='ocrx_word' id='word_1_131' title='bbox 2266 2130 2416 2212; x_wconf 90' lang='lat' dir='ltr'><strong>IX,</strong></span> <span class='ocrx_word' id='word_1_132' title='bbox 2446 2153 2503 2196; x_wconf 85' lang='lat' dir='ltr'><strong>c.</strong></span> <span class='ocrx_word' id='word_1_133' title='bbox 2543 2152 2569 2196; x_wconf 93' lang='lat'>1</span> <span class='ocrx_word' id='word_1_134' title='bbox 2587 2113 2711 2214; x_wconf 78' lang='lat'><strong>4²³.</strong></span> 
     </span>
    </p>

    <p class='ocr_par' dir='ltr' id='par_1_7' title="bbox 564 2226 2715 2520">
     <span class='ocr_line' id='line_1_16' title="bbox 672 2226 2715 2322; baseline -0.001 -17"><span class='ocrx_word' id='word_1_135' title='bbox 672 2240 971 2306; x_wconf 80' lang='lat' dir='ltr'><strong>Panium</strong></span> <span class='ocrx_word' id='word_1_136' title='bbox 1010 2235 1234 2301; x_wconf 83' lang='lat' dir='ltr'><strong>Caesar</strong></span> <span class='ocrx_word' id='word_1_137' title='bbox 1269 2228 1352 2297; x_wconf 92' lang='lat' dir='ltr'><strong>de</strong></span> <span class='ocrx_word' id='word_1_138' title='bbox 1385 2227 1711 2322; x_wconf 85' lang='lat' dir='ltr'><strong>Analogia</strong></span> <span class='ocrx_word' id='word_1_139' title='bbox 1750 2226 1921 2298; x_wconf 87' lang='lat' dir='ltr'><strong>libro</strong></span> <span class='ocrx_word' id='word_1_140' title='bbox 1967 2232 2261 2301; x_wconf 87' lang='lat' dir='ltr'><strong>secundo</strong></span> <span class='ocrx_word' id='word_1_141' title='bbox 2298 2232 2427 2302; x_wconf 89' lang='lat' dir='ltr'><strong>dici</strong></span> <span class='ocrx_word' id='word_1_142' title='bbox 2471 2234 2715 2304; x_wconf 88' lang='lat' dir='ltr'><strong>debere</strong></span> 
     </span>
     <span class='ocr_line' id='line_1_17' title="bbox 565 2335 2715 2430; baseline -0.002 -18"><span class='ocrx_word' id='word_1_143' title='bbox 565 2345 695 2430; x_wconf 89' lang='lat' dir='ltr'><strong>ait,</strong></span> <span class='ocrx_word' id='word_1_144' title='bbox 737 2341 851 2411; x_wconf 91' lang='lat' dir='ltr'><strong>sed</strong></span> <span class='ocrx_word' id='word_1_145' title='bbox 885 2340 1165 2410; x_wconf 89' lang='lat' dir='ltr'><strong>Verrius</strong></span> <span class='ocrx_word' id='word_1_146' title='bbox 1203 2350 1438 2405; x_wconf 85' lang='lat' dir='ltr'><strong>contra</strong></span> <span class='ocrx_word' id='word_1_147' title='bbox 1470 2360 1484 2402; x_wconf 76' lang='grc' dir='ltr'>ε</span> <span class='ocrx_word' id='word_1_148' title='bbox 1531 2360 1688 2402; x_wconf 87' lang='lat' dir='ltr'><strong>nam</strong></span> <span class='ocrx_word' id='word_1_149' title='bbox 1732 2341 1762 2402; x_wconf 84' lang='grc' dir='ltr'><strong>ι’</strong></span> <span class='ocrx_word' id='word_1_150' title='bbox 1791 2335 2087 2406; x_wconf 86' lang='lat' dir='ltr'><strong>detracta</strong></span> <span class='ocrx_word' id='word_1_151' title='bbox 2128 2342 2402 2408; x_wconf 81' lang='lat' dir='ltr'><strong>Panum</strong></span> <span class='ocrx_word' id='word_1_152' title='bbox 2442 2345 2551 2409; x_wconf 78' lang='lat' dir='ltr'><strong>ait</strong></span> <span class='ocrx_word' id='word_1_153' title='bbox 2585 2340 2715 2411; x_wconf 89' lang='lat' dir='ltr'><strong>dici</strong></span> 
     </span>
     <span class='ocr_line' id='line_1_18' title="bbox 564 2441 1549 2520; baseline -0.01 -1"><span class='ocrx_word' id='word_1_154' title='bbox 564 2450 828 2520; x_wconf 88' lang='lat' dir='ltr'><strong>debere.</strong></span> <span class='ocrx_word' id='word_1_155' title='bbox 860 2451 931 2517; x_wconf 90' lang='lat' dir='ltr'><em>E</em></span> <span class='ocrx_word' id='word_1_156' title='bbox 930 2469 985 2516; x_wconf 78' lang='lat' dir='ltr'><strong>:c</strong></span> <span class='ocrx_word' id='word_1_157' title='bbox 1033 2445 1290 2516; x_wconf 71' lang='lat' dir='ltr'><strong>Charis.</strong></span> <span class='ocrx_word' id='word_1_158' title='bbox 1332 2441 1442 2511; x_wconf 71' lang='lat' dir='ltr'><strong>lib.</strong></span> <span class='ocrx_word' id='word_1_159' title='bbox 1489 2446 1549 2511; x_wconf 95' lang='lat' dir='ltr'><strong>I.</strong></span> 
     </span>
    </p>

    <p class='ocr_par' dir='ltr' id='par_1_8' title="bbox 561 2548 2715 2734">
     <span class='ocr_line' id='line_1_19' title="bbox 674 2548 2715 2647; baseline -0.001 -21"><span class='ocrx_word' id='word_1_160' title='bbox 674 2557 901 2626; x_wconf 83' lang='lat' dir='ltr'><strong>Caesar</strong></span> <span class='ocrx_word' id='word_1_161' title='bbox 942 2552 1024 2621; x_wconf 89' lang='lat' dir='ltr'><strong>de</strong></span> <span class='ocrx_word' id='word_1_162' title='bbox 1057 2549 1378 2644; x_wconf 86' lang='lat' dir='ltr'><strong>Analogia</strong></span> <span class='ocrx_word' id='word_1_163' title='bbox 1423 2548 1747 2620; x_wconf 88' lang='lat' dir='ltr'><strong>secundo:</strong></span> <span class='ocrx_word' id='word_1_164' title='bbox 1773 2552 2045 2644; x_wconf 79' lang='lat' dir='ltr'><strong>Fagos,</strong></span> <span class='ocrx_word' id='word_1_165' title='bbox 2076 2554 2422 2647; x_wconf 78' lang='lat' dir='ltr'><strong>Populos,</strong></span> <span class='ocrx_word' id='word_1_166' title='bbox 2462 2555 2715 2623; x_wconf 85' lang='lat' dir='ltr'><strong>Ulmos.</strong></span> 
     </span>
     <span class='ocr_line' id='line_1_20' title="bbox 561 2657 1244 2734; baseline -0.016 1"><span class='ocrx_word' id='word_1_167' title='bbox 561 2667 687 2734; x_wconf 78' lang='lat' dir='ltr'><strong>Ex</strong></span> <span class='ocrx_word' id='word_1_168' title='bbox 727 2662 986 2734; x_wconf 76' lang='lat' dir='ltr'><strong>Charis.</strong></span> <span class='ocrx_word' id='word_1_169' title='bbox 1025 2657 1138 2726; x_wconf 77' lang='lat' dir='ltr'><strong>lib.</strong></span> <span class='ocrx_word' id='word_1_170' title='bbox 1183 2661 1244 2726; x_wconf 96' lang='lat' dir='ltr'><strong>I.</strong></span> 
     </span>
    </p>

    <p class='ocr_par' dir='ltr' id='par_1_9' title="bbox 571 2761 2721 3070">
     <span class='ocr_line' id='line_1_21' title="bbox 680 2761 2721 2858; baseline -0.001 -20"><span class='ocrx_word' id='word_1_171' title='bbox 680 2771 906 2838; x_wconf 84' lang='lat' dir='ltr'><strong>Caesar</strong></span> <span class='ocrx_word' id='word_1_172' title='bbox 945 2765 1029 2834; x_wconf 87' lang='lat' dir='ltr'><strong>de</strong></span> <span class='ocrx_word' id='word_1_173' title='bbox 1077 2761 1396 2858; x_wconf 87' lang='lat' dir='ltr'><strong>Analogia</strong></span> <span class='ocrx_word' id='word_1_174' title='bbox 1447 2761 1749 2832; x_wconf 86' lang='lat' dir='ltr'><strong>&#39;secundo</strong></span> <span class='ocrx_word' id='word_1_175' title='bbox 1788 2816 1808 2847; x_wconf 91' lang='lat'><strong>,</strong></span> <span class='ocrx_word' id='word_1_176' title='bbox 1855 2764 2234 2834; x_wconf 82' lang='lat' dir='ltr'><strong>Turbonem</strong></span> <span class='ocrx_word' id='word_1_177' title='bbox 2283 2792 2420 2835; x_wconf 90' lang='lat' dir='ltr'><strong>non</strong></span> <span class='ocrx_word' id='word_1_178' title='bbox 2472 2767 2721 2836; x_wconf 81' lang='lat' dir='ltr'><strong>Turbi-</strong></span> 
     </span>
     <span class='ocr_line' id='line_1_22' title="bbox 573 2868 2719 2966; baseline -0.002 -19"><span class='ocrx_word' id='word_1_179' title='bbox 573 2901 728 2948; x_wconf 84' lang='lat' dir='ltr'><strong>nem</strong></span> <span class='ocrx_word' id='word_1_180' title='bbox 768 2877 968 2944; x_wconf 89' lang='lat' dir='ltr'><strong>etiam</strong></span> <span class='ocrx_word' id='word_1_181' title='bbox 1000 2874 1071 2939; x_wconf 89' lang='lat' dir='ltr'><strong>in</strong></span> <span class='ocrx_word' id='word_1_182' title='bbox 1106 2883 1497 2966; x_wconf 89' lang='lat' dir='ltr'><strong>tempestate</strong></span> <span class='ocrx_word' id='word_1_183' title='bbox 1534 2869 1667 2939; x_wconf 89' lang='lat' dir='ltr'><strong>dici</strong></span> <span class='ocrx_word' id='word_1_184' title='bbox 1712 2868 1955 2938; x_wconf 86' lang='lat' dir='ltr'><strong>debere</strong></span> <span class='ocrx_word' id='word_1_185' title='bbox 1996 2873 2129 2959; x_wconf 88' lang='lat' dir='ltr'><strong>ait,</strong></span> <span class='ocrx_word' id='word_1_186' title='bbox 2165 2885 2242 2940; x_wconf 89' lang='lat' dir='ltr'><strong>ut</strong></span> <span class='ocrx_word' id='word_1_187' title='bbox 2288 2875 2462 2943; x_wconf 87' lang='lat' dir='ltr'><strong>Cato</strong></span> <span class='ocrx_word' id='word_1_188' title='bbox 2512 2875 2719 2945; x_wconf 86' lang='lat' dir='ltr'><strong>Cato·</strong></span> 
     </span>
     <span class='ocr_line' id='line_1_23' title="bbox 571 2976 2263 3070; baseline -0.005 -16"><span class='ocrx_word' id='word_1_189' title='bbox 571 2991 711 3070; x_wconf 82' lang='lat' dir='ltr'><strong>nis,</strong></span> <span class='ocrx_word' id='word_1_190' title='bbox 755 3007 892 3051; x_wconf 91' lang='lat' dir='ltr'><strong>non</strong></span> <span class='ocrx_word' id='word_1_191' title='bbox 928 2993 1005 3047; x_wconf 91' lang='lat' dir='ltr'><strong>ut</strong></span> <span class='ocrx_word' id='word_1_192' title='bbox 1037 2977 1579 3057; x_wconf 65' lang='lat' dir='ltr'><strong>homohomz&#39;mlc.</strong></span> <span class='ocrx_word' id='word_1_193' title='bbox 1612 2979 1738 3044; x_wconf 79' lang='lat' dir='ltr'><strong>Ex</strong></span> <span class='ocrx_word' id='word_1_194' title='bbox 1768 2976 2026 3046; x_wconf 77' lang='lat' dir='ltr'><strong>Charis.</strong></span> <span class='ocrx_word' id='word_1_195' title='bbox 2058 2977 2168 3046; x_wconf 71' lang='lat' dir='ltr'><strong>lib.</strong></span> <span class='ocrx_word' id='word_1_196' title='bbox 2206 2982 2263 3047; x_wconf 93' lang='lat' dir='ltr'><strong>I.</strong></span> 
     </span>
    </p>

    <p class='ocr_par' dir='ltr' id='par_1_10' title="bbox 584 3081 2724 3289">
     <span class='ocr_line' id='line_1_24' title="bbox 687 3081 2724 3179; baseline -0.002 -19"><span class='ocrx_word' id='word_1_197' title='bbox 687 3091 904 3160; x_wconf 86' lang='lat' dir='ltr'><strong>Lacer</strong></span> <span class='ocrx_word' id='word_1_198' title='bbox 938 3111 1023 3154; x_wconf 92' lang='lat' dir='ltr'><strong>an</strong></span> <span class='ocrx_word' id='word_1_199' title='bbox 1061 3085 1362 3170; x_wconf 90' lang='lat' dir='ltr'><strong>Laceris,</strong></span> <span class='ocrx_word' id='word_1_200' title='bbox 1391 3097 1518 3152; x_wconf 90' lang='lat' dir='ltr'><strong>etc.</strong></span> <span class='ocrx_word' id='word_1_201' title='bbox 1560 3084 1783 3151; x_wconf 87' lang='lat' dir='ltr'><strong>Caesar</strong></span> <span class='ocrx_word' id='word_1_202' title='bbox 1818 3081 1899 3151; x_wconf 92' lang='lat' dir='ltr'><strong>de</strong></span> <span class='ocrx_word' id='word_1_203' title='bbox 1937 3084 2214 3179; x_wconf 88' lang='lat' dir='ltr'><strong>Analog.</strong></span> <span class='ocrx_word' id='word_1_204' title='bbox 2248 3085 2572 3173; x_wconf 90' lang='lat' dir='ltr'><strong>secundo,</strong></span> <span class='ocrx_word' id='word_1_205' title='bbox 2596 3112 2724 3175; x_wconf 75' lang='lat' dir='ltr'><strong>nec¹</strong></span> 
     </span>
     <span class='ocr_line' id='line_1_25' title="bbox 584 3187 2721 3289; baseline -0.004 -22"><span class='ocrx_word' id='word_1_206' title='bbox 584 3224 720 3268; x_wconf 91' lang='lat' dir='ltr'><strong>non</strong></span> <span class='ocrx_word' id='word_1_207' title='bbox 733 3195 1012 3289; x_wconf 86' lang='lat' dir='ltr'><strong>Valgius</strong></span> <span class='ocrx_word' id='word_1_208' title='bbox 1029 3193 1112 3261; x_wconf 91' lang='lat' dir='ltr'><strong>de</strong></span> <span class='ocrx_word' id='word_1_209' title='bbox 1132 3190 1330 3260; x_wconf 91' lang='lat' dir='ltr'><strong>rebus</strong></span> <span class='ocrx_word' id='word_1_210' title='bbox 1355 3215 1474 3284; x_wconf 86' lang='lat' dir='ltr'><strong>per</strong></span> <span class='ocrx_word' id='word_1_211' title='bbox 1502 3187 1863 3283; x_wconf 40' lang='lat' dir='ltr'><strong>epistolam!</strong></span> <span class='ocrx_word' id='word_1_212' title='bbox 1874 3193 2181 3284; x_wconf 81' lang='lat' dir='ltr'><strong>quaesitis.</strong></span> <span class='ocrx_word' id='word_1_213' title='bbox 2209 3193 2334 3260; x_wconf 79' lang='lat' dir='ltr'><strong>Ex</strong></span> <span class='ocrx_word' id='word_1_214' title='bbox 2362 3193 2561 3263; x_wconf 78' lang='lat' dir='ltr'><strong>Char.</strong></span> <span class='ocrx_word' id='word_1_215' title='bbox 2585 3194 2615 3262; x_wconf 87' lang='lat' dir='ltr'><em>l</em></span> <span class='ocrx_word' id='word_1_216' title='bbox 2660 3199 2721 3263; x_wconf 91' lang='lat' dir='ltr'><strong>I.</strong></span> 
     </span>
    </p>

    <p class='ocr_par' dir='ltr' id='par_1_11' title="bbox 584 3295 2729 3695">
     <span class='ocr_line' id='line_1_26' title="bbox 688 3295 2729 3392; baseline -0.002 -19"><span class='ocrx_word' id='word_1_217' title='bbox 688 3305 757 3373; x_wconf 90' lang='lat' dir='ltr'><strong>Is</strong></span> <span class='ocrx_word' id='word_1_218' title='bbox 798 3303 1050 3387; x_wconf 89' lang='lat' dir='ltr'><strong>hom0‚</strong></span> <span class='ocrx_word' id='word_1_219' title='bbox 1108 3295 1301 3367; x_wconf 79' lang='lat' dir='ltr'><strong>Idem</strong></span> <span class='ocrx_word' id='word_1_220' title='bbox 1360 3297 1802 3390; x_wconf 89' lang='lat' dir='ltr'><strong>compositum</strong></span> <span class='ocrx_word' id='word_1_221' title='bbox 1862 3296 2062 3381; x_wconf 90' lang='lat' dir='ltr'><strong>facit,</strong></span> <span class='ocrx_word' id='word_1_222' title='bbox 2122 3299 2245 3366; x_wconf 90' lang='lat' dir='ltr'><strong>nisi</strong></span> <span class='ocrx_word' id='word_1_223' title='bbox 2302 3301 2459 3392; x_wconf 91' lang='lat' dir='ltr'><strong>quia</strong></span> <span class='ocrx_word' id='word_1_224' title='bbox 2502 3301 2729 3369; x_wconf 84' lang='lat' dir='ltr'><strong>Caesar</strong></span> 
     </span>
     <span class='ocr_line' id='line_1_27' title="bbox 585 3397 2721 3498; baseline -0.004 -16"><span class='ocrx_word' id='word_1_225' title='bbox 585 3413 755 3482; x_wconf 90' lang='lat' dir='ltr'><strong>libro</strong></span> <span class='ocrx_word' id='word_1_226' title='bbox 780 3406 1072 3478; x_wconf 87' lang='lat' dir='ltr'><strong>secundo</strong></span> <span class='ocrx_word' id='word_1_227' title='bbox 1100 3397 1236 3492; x_wconf 82' lang='lat' dir='ltr'><strong>(de</strong></span> <span class='ocrx_word' id='word_1_228' title='bbox 1257 3404 1622 3497; x_wconf 77' lang='lat' dir='ltr'><strong>Analogia</strong></span> <span class='ocrx_word' id='word_1_229' title='bbox 1648 3399 2015 3488; x_wconf 80' lang='lat' dir='ltr'><strong>videlicet)</strong></span> <span class='ocrx_word' id='word_1_230' title='bbox 2040 3401 2457 3498; x_wconf 83' lang='lat' dir='ltr'><strong>singulariter</strong></span> <span class='ocrx_word' id='word_1_231' title='bbox 2486 3405 2721 3492; x_wconf 83' lang='lat' dir='ltr'><strong>Idem,</strong></span> 
     </span>
     <span class='ocr_line' id='line_1_28' title="bbox 584 3507 2729 3634; baseline -0.002 -47"><span class='ocrx_word' id='word_1_232' title='bbox 584 3515 930 3616; x_wconf 89' lang='lat' dir='ltr'><strong>pluraliter</strong></span> <span class='ocrx_word' id='word_1_233' title='bbox 971 3511 1191 3582; x_wconf 79' lang='lat' dir='ltr'><strong>Iidem</strong></span> <span class='ocrx_word' id='word_1_234' title='bbox 1227 3507 1583 3579; x_wconf 89' lang='lat' dir='ltr'><strong>dicendum</strong></span> <span class='ocrx_word' id='word_1_235' title='bbox 1619 3508 1926 3578; x_wconf 88' lang='lat' dir='ltr'><strong>affirmat.</strong></span> <span class='ocrx_word' id='word_1_236' title='bbox 1972 3510 2103 3578; x_wconf 90' lang='lat' dir='ltr'><strong>Sed</strong></span> <span class='ocrx_word' id='word_1_237' title='bbox 2138 3511 2551 3580; x_wconf 89' lang='lat' dir='ltr'><strong>consuetudo</strong></span> <span class='ocrx_word' id='word_1_238' title='bbox 2593 3513 2729 3634; x_wconf 86' lang='lat' dir='ltr'><strong>hoc</strong></span> 
     </span>
     <span class='ocr_line' id='line_1_29' title="bbox 586 3615 2341 3695; baseline -0.007 1"><span class='ocrx_word' id='word_1_239' title='bbox 586 3644 722 3695; x_wconf 89' lang='lat' dir='ltr'><strong>non</strong></span> <span class='ocrx_word' id='word_1_240' title='bbox 756 3633 994 3692; x_wconf 87' lang='lat' dir='ltr'><strong>servat.</strong></span> <span class='ocrx_word' id='word_1_241' title='bbox 1031 3619 1157 3686; x_wconf 81' lang='lat' dir='ltr'><strong>Ex</strong></span> <span class='ocrx_word' id='word_1_242' title='bbox 1204 3617 1462 3686; x_wconf 73' lang='lat' dir='ltr'><strong>Charis.</strong></span> <span class='ocrx_word' id='word_1_243' title='bbox 1509 3615 1621 3685; x_wconf 51' lang='lat' dir='ltr'><strong>lzssb</strong></span> <span class='ocrx_word' id='word_1_244' title='bbox 1661 3620 1719 3685; x_wconf 93' lang='lat' dir='ltr'><strong>I.</strong></span> <span class='ocrx_word' id='word_1_245' title='bbox 2334 3637 2341 3643; x_wconf 87' lang='grc'><em>·</em></span> 
     </span>
    </p>
   </div>
   <div class='ocr_carea' id='block_1_6' title="bbox 584 3806 2733 4130">
    <p class='ocr_par' dir='ltr' id='par_1_12' title="bbox 584 3806 2733 4130">
     <span class='ocr_line' id='line_1_30' title="bbox 674 3806 2733 3880; baseline -0.005 -8"><span class='ocrx_word' id='word_1_246' title='bbox 674 3837 764 3872; x_wconf 72' lang='lat' dir='ltr'><strong>aa.</strong></span> <span class='ocrx_word' id='word_1_247' title='bbox 811 3813 932 3865; x_wconf 85' lang='lat' dir='ltr'><strong>Huc</strong></span> <span class='ocrx_word' id='word_1_248' title='bbox 957 3807 1174 3880; x_wconf 73' lang='lat' dir='ltr'><strong>respicit</strong></span> <span class='ocrx_word' id='word_1_249' title='bbox 1201 3807 1326 3859; x_wconf 87' lang='lat' dir='ltr'><strong>Joh.</strong></span> <span class='ocrx_word' id='word_1_250' title='bbox 1353 3807 1615 3863; x_wconf 70' lang='lat' dir='ltr'><strong>,Saresbe-</strong></span> <span class='ocrx_word' id='word_1_251' title='bbox 1702 3825 1801 3857; x_wconf 74' lang='lat' dir='ltr'><strong>esse</strong></span> <span class='ocrx_word' id='word_1_252' title='bbox 1818 3806 1903 3857; x_wconf 85' lang='lat' dir='ltr'><strong>abs</strong></span> <span class='ocrx_word' id='word_1_253' title='bbox 1904 3806 2102 3868; x_wconf 77' lang='lat' dir='ltr'><strong>urdwn,</strong></span> <span class='ocrx_word' id='word_1_254' title='bbox 2094 3827 2107 3838; x_wconf 93' lang='lat'><strong>·</strong></span> <span class='ocrx_word' id='word_1_255' title='bbox 2128 3819 2185 3858; x_wconf 77' lang='lat' dir='ltr'><strong>ue</strong></span> <span class='ocrx_word' id='word_1_256' title='bbox 2202 3819 2391 3870; x_wconf 82' lang='lat' dir='ltr'><strong>nautoe,</strong></span> <span class='ocrx_word' id='word_1_257' title='bbox 2414 3808 2657 3879; x_wconf 83' lang='lat' dir='ltr'><strong>inquit,s</strong></span> <span class='ocrx_word' id='word_1_258' title='bbox 2630 3830 2733 3861; x_wconf 83' lang='lat' dir='ltr'><strong>sco-</strong></span> 
     </span>
     <span class='ocr_line' id='line_1_31' title="bbox 584 3887 2733 3961; baseline -0.007 -7"><span class='ocrx_word' id='word_1_259' title='bbox 584 3897 774 3954; x_wconf 75' lang='lat' dir='ltr'><strong>tiensis</strong></span> <span class='ocrx_word' id='word_1_260' title='bbox 801 3892 1052 3961; x_wconf 82' lang='lat' dir='ltr'><strong>Metalog.</strong></span> <span class='ocrx_word' id='word_1_261' title='bbox 1081 3889 1118 3942; x_wconf 90' lang='lat' dir='ltr'><strong>l.</strong></span> <span class='ocrx_word' id='word_1_262' title='bbox 1137 3906 1188 3954; x_wconf 85' lang='lat'><strong>1,</strong></span> <span class='ocrx_word' id='word_1_263' title='bbox 1205 3907 1252 3940; x_wconf 92' lang='lat' dir='ltr'><strong>c.</strong></span> <span class='ocrx_word' id='word_1_264' title='bbox 1281 3907 1381 3938; x_wconf 81' lang='lat' dir='ltr'><strong>xv.</strong></span> <span class='ocrx_word' id='word_1_265' title='bbox 1369 3904 1381 3917; x_wconf 93' lang='lat'><strong>·</strong></span> <span class='ocrx_word' id='word_1_266' title='bbox 1418 3887 1531 3940; x_wconf 77' lang='lat' dir='ltr'><strong>Caes</strong></span> <span class='ocrx_word' id='word_1_267' title='bbox 1505 3906 1613 3949; x_wconf 77' lang='lat' dir='ltr'><strong>s,ae·</strong></span> <span class='ocrx_word' id='word_1_268' title='bbox 1696 3887 1866 3956; x_wconf 82' lang='lat' dir='ltr'><strong>pulum</strong></span> <span class='ocrx_word' id='word_1_269' title='bbox 1884 3888 2172 3956; x_wconf 49' lang='lat' dir='ltr'><strong>saginans</strong></span> <span class='ocrx_word' id='word_1_270' title='bbox 2146 3891 2217 3938; x_wconf 72' lang='lat' dir='ltr'><strong>sic</strong></span> <span class='ocrx_word' id='word_1_271' title='bbox 2242 3888 2531 3958; x_wconf 74' lang='lat' dir='ltr'><strong>fugiendum</strong></span> <span class='ocrx_word' id='word_1_272' title='bbox 2558 3900 2634 3939; x_wconf 76' lang='lat' dir='ltr'><strong>est</strong></span> <span class='ocrx_word' id='word_1_273' title='bbox 2654 3894 2733 3940; x_wconf 81' lang='grc' dir='ltr'><em>ἰιι-</em></span> 
     </span>
     <span class='ocr_line' id='line_1_32' title="bbox 591 3967 2567 4040; baseline -0.008 -6"><span class='ocrx_word' id='word_1_274' title='bbox 591 4001 642 4034; x_wconf 82' lang='lat' dir='ltr'><strong>ai</strong></span> <span class='ocrx_word' id='word_1_275' title='bbox 623 3977 799 4040; x_wconf 86' lang='lat' dir='ltr'><strong>itille,</strong></span> <span class='ocrx_word' id='word_1_276' title='bbox 813 3978 863 4025; x_wconf 83' lang='lat' dir='ltr'><strong>in</strong></span> <span class='ocrx_word' id='word_1_277' title='bbox 879 3971 1003 4024; x_wconf 73' lang='lat' dir='ltr'><strong>libro</strong></span> <span class='ocrx_word' id='word_1_278' title='bbox 1025 3969 1086 4022; x_wconf 80' lang='lat' dir='ltr'><strong>de</strong></span> <span class='ocrx_word' id='word_1_279' title='bbox 1107 3968 1360 4037; x_wconf 78' lang='lat' dir='ltr'><strong>Analogia</strong></span> <span class='ocrx_word' id='word_1_280' title='bbox 1375 3985 1618 4036; x_wconf 77' lang='lat' dir='ltr'><strong>gramma·</strong></span> <span class='ocrx_word' id='word_1_281' title='bbox 1703 3967 1858 4016; x_wconf 75' lang='lat' dir='ltr'><strong>solens</strong></span> <span class='ocrx_word' id='word_1_282' title='bbox 1886 3979 2029 4039; x_wconf 83' lang='lat' dir='ltr'><strong>atque</strong></span> <span class='ocrx_word' id='word_1_283' title='bbox 2060 3969 2327 4040; x_wconf 74' lang='lat' dir='ltr'><strong>infrequens</strong></span> <span class='ocrx_word' id='word_1_284' title='bbox 2355 3987 2419 4018; x_wconf 73' lang='lat' dir='ltr'><strong>ve</strong></span> <span class='ocrx_word' id='word_1_285' title='bbox 2418 3968 2567 4020; x_wconf 84' lang='lat' dir='ltr'><strong>r.bum</strong></span> 
     </span>
     <span class='ocr_line' id='line_1_33' title="bbox 594 4045 2733 4130; baseline -0.002 -25"><span class='ocrx_word' id='word_1_286' title='bbox 594 4066 632 4112; x_wconf 70' lang='lat' dir='ltr'><strong>ti</strong></span> <span class='ocrx_word' id='word_1_287' title='bbox 631 4079 713 4112; x_wconf 73' lang='lat' dir='ltr'><strong>cus</strong></span> <span class='ocrx_word' id='word_1_288' title='bbox 737 4053 923 4130; x_wconf 76' lang='lat' dir='ltr'><strong>quidem</strong></span> <span class='ocrx_word' id='word_1_289' title='bbox 939 4063 1038 4112; x_wconf 78' lang='lat' dir='ltr'><strong>est,</strong></span> <span class='ocrx_word' id='word_1_290' title='bbox 1061 4061 1150 4099; x_wconf 83' lang='lat' dir='ltr'><strong>eet</strong></span> <span class='ocrx_word' id='word_1_291' title='bbox 1153 4047 1459 4099; x_wconf 69' lang='grc' dir='ltr'><em>νίωιαηᾰιιηι</em></span> <span class='ocrx_word' id='word_1_292' title='bbox 1459 4045 1616 4097; x_wconf 81' lang='lat' dir='ltr'><strong>se-de</strong></span> <span class='ocrx_word' id='word_1_293' title='bbox 1790 4047 1880 4098; x_wconf 75' lang='lat'><strong>23.</strong></span> <span class='ocrx_word' id='word_1_294' title='bbox 1900 4047 2153 4118; x_wconf 80' lang='lat' dir='ltr'><strong>Exempla</strong></span> <span class='ocrx_word' id='word_1_295' title='bbox 2173 4045 2296 4099; x_wconf 82' lang='lat' dir='ltr'><strong>vide</strong></span> <span class='ocrx_word' id='word_1_296' title='bbox 2322 4046 2465 4118; x_wconf 88' lang='lat' dir='ltr'><strong>apud</strong></span> <span class='ocrx_word' id='word_1_297' title='bbox 2484 4045 2733 4101; x_wconf 80' lang='lat' dir='ltr'><strong>eumdem</strong></span> 
     </span>
    </p>
   </div>
   <div class='ocr_carea' id='block_1_7' title="bbox 595 4125 2052 4206">
    <p class='ocr_par' dir='ltr' id='par_1_13' title="bbox 595 4125 2052 4206">
     <span class='ocr_line' id='line_1_34' title="bbox 595 4125 2052 4206; baseline -0.009 -14.685"><span class='ocrx_word' id='word_1_298' title='bbox 595 4128 1399 4206; x_wconf 73' lang='lat' dir='ltr'><strong>nuntiat,qmdquulaud1tontper</strong></span> <span class='ocrx_word' id='word_1_299' title='bbox 1391 4131 1622 4196; x_wconf 76' lang='lat' dir='ltr'><strong>topotest</strong></span> <span class='ocrx_word' id='word_1_300' title='bbox 1704 4125 2052 4190; x_wconf 69' lang='lat' dir='ltr'><strong>I.1x‚c.14.</strong></span> 
     </span>
    </p>
   </div>
  </div>
 </body>
</html>
