3017 5042
873 442 1751 510 GEOGRAPHICUS.
2086 434 2091 446 ¹
2240 439 2387 516 315

455 613 827 692 Extremique
855 613 1155 674 hominum
1183 612 1402 672 Morini
1423 613 1779 691 Rhenusque
1800 611 2073 674 bicornis.

251 751 407 854 ivon
451 785 726 852 extremi
763 798 919 851 sunt
949 780 1346 870 Galliarum,
1389 807 1546 851 nam
1578 807 1713 852 non
1748 785 1927 878 ripas
1954 783 2177 859 Rheni
2206 786 2389 857 inco-

252 890 432 980 lunt3
469 905 786 985 praeterea
821 888 1073 958 habent
1107 887 1677 985 septemtrionales
1707 890 1917 984 magis
1948 892 2297 986 Menapios
2328 907 2393 961 et

253 1012 318 1066 et
347 1000 671 1085 Batavos,
714 997 841 1064 nisi
867 997 1232 1090 generatim
1262 997 1547 1094 accipias
1582 1021 1813 1066 omnes
1844 997 2208 1094 maritimos
2247 997 2397 1072 Gal-

252 1103 353 1172 liae
375 1101 686 1202 populos,
714 1103 857 1197 qui,
887 1117 1040 1175 ante
1068 1104 1479 1175 Britanniam
1508 1127 1549 1171 a
1574 1102 1855 1172 Claudio
1884 1103 2237 1192 domitam,
2266 1103 2395 1173 dici

252 1224 618 1305 potuerunt
661 1211 953 1278 extremi.
1001 1209 1345 1306 Quidquid
1383 1210 1660 1299 StrabO,
1697 1209 1806 1281 lib.
1856 1234 1969 1294 lv,
2012 1221 2162 1304 pag.
2214 1213 2395 1304 194,

254 1317 332 1386 de
359 1317 706 1411 Menapiis·
729 1316 920 1401 dicit,
956 1315 1039 1384 ad
1078 1316 1380 1390 Morinos
1407 1318 1737 1387 convenit.
1775 1317 2243 1412 Menapiorum
2283 1342 2392 1384 re-

257 1426 432 1520 gioni
464 1422 691 1497 similis
719 1437 822 1492 est
848 1424 1308 1512 Morinorum,
1338 1423 1757 1494 Atrebatium
1789 1437 1857 1492 et
1884 1423 2278 1495 Eburonum
2306 1448 2397 1492 se-

253 1530 403 1600 des:
443 1559 478 1595 c<
512 1534 636 1600 Est
671 1531 852 1598 enim
891 1526 1073 1624 sylva
1115 1529 1428 1598 arborum
1462 1555 1601 1598 non
1642 1527 2045 1600 excelsarum
2057 1582 2231 1598 .....
2277 1555 2397 1624 per

255 1663 490 1734 quam,
529 1636 654 1706 sub
692 1633 1018 1705 bellorum
1059 1636 1497 1724 incursiones,
1537 1635 1784 1705 vimina
1813 1636 2238 1708 arbustorum
2276 1636 2396 1707 du-

255 1770 597 1813 mosorum
641 1743 856 1812 aditus
898 1755 1322 1812 contexentes
1362 1741 1813 1813 intercludunt
1832 1796 1851 1830 ,
1889 1742 2122 1814 defixis
2158 1741 2397 1830 alicubi

257 1850 419 1945 palis
450 1877 464 1918 :
496 1852 624 1945 ipsi
662 1875 816 1928 cum
854 1849 1008 1918 totis
1037 1847 1298 1918 familiis
1329 1850 1399 1916 in
1435 1847 1769 1968 profunda
1794 1846 1992 1942 sylvae
2014 1875 2083 1918 se
2120 1849 2397 1920 abscon-

257 1957 454 2045 dunt,
484 1954 731 2026 insulas
765 1956 1134 2024 habentes
1115 1979 1184 2023 ln
1225 1953 1574 2050 paludibus
1604 1957 1893 2049 exiguas,
1922 1985 1957 2021 ³>
1996 1958 2085 2024 Et
2109 1979 2187 2026 ea
2218 1954 2401 2049 sylva

257 2066 455 2136 etiam
501 2064 706 2133 hodie
748 2077 996 2151 exstat,
1028 2061 1143 2131 sed
1185 2063 1454 2133 divisa
1437 2087 1506 2130 in
1547 2062 1851 2158 partibus
1893 2086 2079 2148 xxv,
2116 2062 2400 2138 nomini-

259 2170 380 2240 bus
426 2171 781 2239 distincta.
817 2172 977 2264 quin
1020 2184 1088 2238 et
1127 2167 1400 2267 paludes
1441 2183 1597 2240 sunt
1638 2169 2076 2264 frequentes
2058 2195 2127 2240 111
2172 2169 2402 2238 eadem

259 2279 548 2372 regione.
589 2278 873 2346 Anseres
907 2277 1167 2371 pavisse
1201 2277 1538 2396 Morinos,
1569 2275 1913 2370 platanum
1942 2275 2242 2346 dilexisse
2280 2277 2402 2346 sci-

261 2410 406 2454 mus
443 2410 482 2452 e
513 2382 760 2472 Plinio;
791 2384 1211 2463 Morinorum
1239 2383 1422 2476 regio
1451 2384 1522 2451 in
1558 2383 1853 2454 diversos
1881 2407 2089 2477 pagos
2123 2383 2402 2454 divisam

262 2491 461 2560 fuisse
509 2505 788 2585 apparet
833 2517 868 2559 e
907 2503 1093 2558 textu
1133 2489 1443 2584 Caesaris,
1477 2490 1652 2558 inter
1686 2513 1855 2583 quos
1880 2490 2404 2576 TeruannensiS,

267 2599 699 2667 Gessoriacus
727 2611 792 2665 et
821 2597 1252 2665 Bononiensis
1284 2620 1298 2662 ε
1331 2608 1533 2692 caput
1560 2597 1775 2690 gentis
1809 2597 2163 2670 Teruanna
2196 2586 2404 2682 (Thei-

263 2697 609 2789 rouemze)
623 2731 650 2790 ,·
680 2704 880 2773 urbes
915 2717 1235 2798 praeterea
1267 2701 1608 2778 habebant
1637 2703 2134 2788 Gessoriacum,
2166 2698 2411 2770 Castel-

262 2810 398 2881 lum
446 2825 518 2880 et
559 2811 760 2879 Itium
805 2823 1094 2904 portum.
1144 2807 1321 2876 Huic
1363 2808 1619 2902 regioni
1661 2807 2067 2903 respondent
2109 2809 2172 2885 le
2216 2812 2405 2876 Bou-

263 2919 544 2988 lonnazzs
581 2909 993 3012 (de'partem.
1041 2915 1136 2984 du
1178 2918 1346 2983 Pas·
1357 2915 1469 2983 de·
1483 2909 1763 2998 Calais)
1774 2967 1795 3001 ,
1859 2938 2013 3009 pars
2056 2915 2409 2983 comitatus

261 3025 658 3094 Artesiensis
693 3014 893 3118 (dep
937 3021 1033 3091 du
1072 3016 1318 3106 Nord)
1337 3074 1359 3107 ,
1387 3037 1464 3090 et
1505 3019 1826 3089 Flandriae
1868 3045 2022 3115 pars
2064 3002 2283 3114 aliqua
2324 3019 2409 3089 ad

262 3156 468 3203 mare.

371 3241 592 3307 MosA
631 3226 746 3324 (B.
790 3239 872 3306 G.
908 3235 1018 3304 lib.
1062 3259 1168 3322 w,
1209 3260 1264 3303 c.
1323 3225 1486 3322 ιο).
1531 3236 1718 3304 Inter
1758 3231 1887 3328 480
1914 3247 1980 3302 et
2017 3229 2142 3304 520
2182 3233 2295 3304 lat.
2336 3232 2409 3302 2⁰

271 3360 336 3414 et
367 3344 446 3432 4⁰
475 3340 657 3436 long.
691 3342 958 3411 Fluvius
1001 3339 1230 3414 Galliae
1259 3338 1531 3436 belgicae
1560 3341 1968 3428 notissimuS,
1996 3342 2246 3410 Graecis
2273 3341 2410 3406 Μό-

270 3477 418 3540 σας,
459 3475 578 3518 seu
613 3453 880 3538 Μώσας,
918 3449 1143 3546 lingua
1179 3449 1482 3523 batavica
1520 3451 1725 3535 Mas,
1778 3472 1895 3518 seu
1929 3451 2137 3524 Maur
2163 3474 2192 3532 ,·
2233 3447 2413 3528 unde

271 3558 548 3632 nomina
588 3554 838 3650 aliquot
876 3555 1178 3626 locorum
1219 3556 1589 3627 recentiora
1620 3555 2064 3640 Maestrc'cht,
2104 3557 2145 3623 i.
2180 3579 2235 3622 e.
2280 3567 2412 3622 tra-

263 3664 486 3758 jectus
527 3663 612 3732 ad
652 3666 912 3732 Mosam
934 3716 953 3751 ,
994 3663 1437 3754 Maes-eych,
1478 3687 1763 3757 quercus
1806 3660 1892 3738 ad
1933 3662 2236 3745 Mosam,
2286 3675 2409 3730 etc.

272 3773 553 3859 Oritur,
588 3785 666 3838 ut
707 3771 797 3858 ait
834 3763 1090 3856 Caesar,
1136 3770 1206 3839 in
1246 3767 1487 3841 finibus
1526 3770 1943 3864 Lingonum,
1980 3781 2048 3836 et
2086 3766 2319 3852 influit,
2344 3769 2413 3836 in

271 3881 627 3947 Oceanum
662 3878 853 3971 juxta
892 3877 1111 3944 Rheni
1149 3876 1216 3944 fl.
1253 3876 1440 3944 ostia.
1487 3877 1909 3969 Caeteroquin
1948 3875 2105 3945 satis
2139 3888 2357 3945 notus.
2400 3929 2407 3938 .

378 3987 664 4054 MUNDA
702 3976 818 4073 (B.
859 3985 1041 4079 Hisp.
1092 4006 1234 4076 cap.
1285 3979 1377 4051 32
1405 4035 1424 4070 ,
1464 3975 1625 4071 41).
1682 3980 1808 4061 36⁰
1846 3973 1878 4068 Ξ
1922 3979 2041 4086 lat.
2074 3978 2147 4075 7⁰
2185 3978 2229 4071 ὲ
2270 4006 2417 4064 ουρ...

271 4087 451 4186 long.
496 4092 678 4161 Urbs
711 4091 1229 4185 Hispaniae‚‚seu
1267 4089 1626 4184 provinciae
1663 4087 2009 4158 Ulterioris
2038 4089 2377 4161 notissima
2397 4142 2423 4176 2
