3017 5042
1157 394 1612 462 NOTITIA
1655 392 2317 460 LITTERARIA

666 525 1029 615 nem,alios
1058 524 1204 607 alii,
1224 540 1300 594 ut
1324 527 1427 617 Fr.
1458 523 1759 593 Floridus
1789 523 2070 594 Sabinus
2087 522 2128 592 l.
2158 526 2295 613 IV,
2323 523 2408 592 de
2426 527 2805 618 praestantia

665 634 961 704 Caesaris.
999 635 1287 726 Poggius
1324 634 1382 699 ei
1418 632 1618 699 etiam
1657 655 1793 698 non
1828 628 2156 698 dubitavit
2200 631 2581 724 Scipionem
2623 657 2802 726 prae-

664 741 867 826 ferre,
889 738 1271 831 indignante
1300 741 1335 805 J
1340 761 1399 805 o.
1435 737 1773 821 Guarino,
1801 750 1868 804 et
1889 736 2134 806 Caesari
2166 737 2416 828 primas
2444 737 2802 806 tribuente.

659 845 833 914 Vide
873 845 1211 938 Poggiana
1261 868 1325 937 p.
1378 838 1530 936 259
1581 866 1678 934 sq.
1738 841 1870 910 Sed
1919 842 1988 908 in
2031 842 2473 910 eminentibus
2527 844 2690 912 viris
2736 857 2806 912 et

660 950 973 1045 ingeniis,
1010 951 1063 1018 si
1102 950 1275 1016 inter
1319 973 1389 1016 se
1424 961 1949 1041 componantur,
1981 970 2244 1041 semper
2281 949 2628 1042 utrinque,
2667 950 2806 1042 qui·

656 1057 782 1126 bus
840 1057 1124 1124 invicem
1160 1068 1503 1148 praestent,
1545 1053 1785 1147 quibus
1816 1051 2161 1122 inferiores
2209 1054 2377 1136 sint,
2403 1053 2747 1123 offendes.

561 499 571 506 .
680 395 822 466 130

1205 1269 1316 1334 De
1351 1221 1528 1334 bello
1575 1266 1848 1336 Gallim
1885 1263 2044 1334 libra·
2073 1267 2238 1334 VJJ.

761 1471 1010 1536 Extant
1053 1467 1193 1560 ejus
1236 1465 1323 1536 de
1360 1465 1537 1534 bello
1553 1519 1574 1550 ,
1615 1451 1812 1559 quod
1845 1490 1996 1534 cum
2045 1466 2270 1536 Gallis
2305 1473 2556 1560 gessit,
2611 1492 2799 1538 com-

654 1571 1166 1644 ιηεηίανιὶηίιιηι
1207 1571 1364 1642 libri
1403 1575 1479 1640 V
1468 1575 1559 1641 II
1563 1597 1600 1658 5
1634 1595 1920 1665 quorum
1956 1571 2195 1665 singuli
2232 1573 2644 1667 singulorum
2681 1599 2801 1644 an-

653 1703 893 1751 norum
919 1703 1023 1747 res
1052 1675 1602 1772 complectuntur.
1625 1676 1826 1746 Unde
1853 1679 2106 1746 Hirtius
2131 1680 2303 1748 VIII
2325 1731 2342 1762 ,
2375 1679 2472 1763 48
2509 1705 2524 1746 ε
2565 1708 2601 1744 α
2643 1682 2800 1750 Scio

654 1790 985 1856 Caesarem
1020 1783 1431 1878 singulorum
1470 1806 1800 1852 annorum
1842 1782 2136 1878 singulos
2166 1786 2678 1856 commentarios
2711 1787 2802 1856 fe—

652 1894 817 1961 cisse
837 1945 856 1977 ,
898 1889 1079 1985 quod
1122 1914 1247 1984 ego
1294 1913 1432 1959 non
1478 1891 1850 1959 existimavi
1898 1889 2066 1959 mihi
2115 1914 2278 1958 esse.
2300 1889 2700 1962 faciendum.
2756 1923 2791 1956 n

652 2001 885 2068 Graece
923 1994 1257 2072 transtulit
1295 1995 1630 2063 Maximus
1655 1993 2026 2081 ,Planudes‚
2069 1997 2206 2064 sive
2246 1997 2391 2090 quis
2422 1994 2618 2083 alius3
2645 2023 2799 2092 quae

648 2104 866 2172 versio
897 2104 1189 2195 primum
1230 2099 1404 2169 edita
1440 2113 1544 2168 est
1575 2124 1634 2168 a.
1679 2098 1915 2188 1606,
1949 2125 2032 2170 ex
2068 2101 2295 2172 codice
2325 2100 2510 2169 Pauli
2542 2105 2798 2172 Petavii

650 2234 691 2277 a
732 2205 1122 2276 Godofredo
1162 2209 1200 2274 J
1202 2229 1683 2299 ungermanno.
1718 2208 1826 2274 De
1866 2231 1946 2276 ea
1978 2205 2245 2276 illustris
2281 2210 2584 2295 HuetiuS‚
2621 2208 2795 2279 libro

650 2313 734 2382 de
756 2311 949 2381 claris
974 2312 1443 2406 interpretibus
1471 2338 1538 2406 p.
1573 2337 1614 2380 2
1634 2335 1659 2381 1
1677 2334 1761 2407 9:
1793 2341 1826 2376 c<
1857 2312 2112 2382 Dubito
2137 2312 2438 2407 equidem
2456 2367 2477 2401 ‚
2505 2316 2796 2386 Gazaene

652 2443 739 2486 an
793 2415 1104 2486 Planudae
1122 2470 1143 2504 ‚
1186 2441 1271 2485 an
1314 2415 1501 2485 alteri
1545 2417 1838 2510 ejusdem
1883 2420 2005 2488 aevi
2049 2418 2334 2513 cuipiam
2374 2436 2795 2490 commenta-

652 2525 903 2592 riorum
948 2522 1031 2591 de
1076 2521 1249 2592 bello
1294 2522 1552 2592 Gallico
1599 2526 2105 2594 conversionem
2164 2550 2482 2619 graecam,
2521 2551 2670 2620 quae
2728 2529 2796 2597 in

652 2631 1005 2700 Petaviana
1060 2627 1229 2698 Bibl.
1280 2629 1565 2697 habetur
1585 2683 1606 2717 ‚
1657 2630 2050 2714 adscribam.
2099 2633 2427 2700 Caesarem
2478 2631 2585 2700 illa
2621 2658 2794 2702 non·
2840 2636 2846 2643 ’

648 2759 990 2830 nunquam
1032 2734 1271 2804 ducem
1301 2733 1581 2823 deserit,
1617 2750 1686 2804 et
1719 2734 1954 2834 breves
1989 2751 2200 2806 tentat
2241 2759 2554 2808 excursus
2575 2791 2594 2826 ‚
2637 2764 2794 2810 raro

742 2954 787 2987 1.
846 2932 1053 2986 Hirtius
1095 2931 1470 2986 Commentarios
1522 2953 1677 2987 mrum

652 3027 893 3086 gestarum
928 3011 1113 3066 Gallioe
1134 3050 1151 3076 ,
1198 3011 1573 3066 Commentarios
1605 3035 1677 3066 re-

1762 2935 1980 2990 machus
2009 2935 2138 2990 item
2165 2950 2321 3008 atque
2352 2935 2603 2992 Sidonius
2623 2977 2640 3006 ,
2669 2951 2788 2992 tum

1761 3016 1974 3069 Servius
2014 3017 2072 3068 in
2111 3015 2193 3069 XI
2231 3016 2441 3070 AEneid.
2461 3057 2477 3082 ,
2508 3018 2608 3070 hos
2653 3019 2687 3070 J
2690 3019 2789 3071 ulii

656 3113 761 3146 rum
778 3111 971 3144 suar-iem
982 3131 997 3154 ‚
1020 3090 1211 3144 Cicero
1230 3089 1301 3144 de
1316 3092 1471 3144 claris
1496 3104 1676 3146 orato·

656 3173 805 3226 ribus
828 3190 943 3242 cap.
977 3170 1048 3241 75
1068 3190 1085 3236 ;
1116 3170 1454 3242 ὑπομνήματα
1484 3185 1678 3226 vocant

658 3252 847 3306 Strabo
856 3247 1525 3321 etAppianus(Me'moi1-es).
1541 3251 1678 3304 Sunt

658 3332 803 3384 enim
824 3329 988 3382 veluti
1005 3327 1247 3400 quedam
1258 3329 1345 3386 ὕλη
1367 3335 1644 3401 συγγραφῆς
1661 3369 1679 3397 .,

656 3423 720 3464 ut
732 3406 1109 3482 Olympiodori
1120 3406 1264 3479 apud
1272 3409 1526 3462 Photium
1540 3409 1675 3464 cod.

662 3492 737 3544 80
754 3528 771 3556 ,
798 3489 906 3542 sive
928 3507 1039 3540 non
1055 3488 1287 3562 perfecta
1304 3488 1538 3540 Historia
1553 3527 1569 3555 ,
1583 3488 1677 3542 sed

660 3569 784 3623 unde
803 3579 1059 3628 statuerent,
1081 3570 1163 3638 qui
1182 3567 1363 3618 vellent
1379 3568 1580 3620 scribere
1599 3570 1676 3620 lu‘·

659 3653 855 3702 storiam
866 3685 883 3710 ‚
894 3658 958 3699 ut
967 3646 1204 3717 loquitur
1219 3647 1406 3698 Cicero
1420 3647 1475 3698 in
1491 3648 1678 3716 Bruto,

658 3747 775 3800 cap.
810 3727 903 3798 75,
934 3717 1032 3778 Sic‘
1046 3726 1204 3778 etiam
1234 3727 1499 3795 Augustus
1529 3745 1675 3780 com-

658 3806 945 3861 mentarios
955 3822 1137 3857 rerum
1152 3822 1366 3858 suarum
1378 3806 1675 3877 scripserat,

657 3884 1357 3959 quaet‘mopviagaoeroeappellat
1364 3885 1676 3940 Plutarchus

658 3967 715 4018 in
744 3965 979 4018 Antonio
1004 3981 1122 4034 pag.
1156 3962 1288 4030 925.
1310 3964 1446 4016 Item
1466 3965 1675 4018 Plutar-

659 4046 789 4098 chus
806 4046 863 4097 in
881 4045 1102 4104 Caesare,
1118 4054 1169 4094 et
1192 4043 1472 4097 Suetonius
1488 4067 1501 4110 ;
1523 4045 1674 4116 Sym·

1762 3095 1982 3149 Generis
1993 3097 2402 3150 commentarios
2411 3111 2606 3151 vocant
2619 3099 2789 3168 Ephe-

1763 3175 1986 3239 merides,
2017 3175 2142 3248 quia
2158 3189 2364 3246 tempus
2387 3189 2662 3248 utcunque
2686 3178 2786 3230 ob·

1761 3267 1990 3308 servant.
2002 3255 2189 3326 Neque
2201 3255 2344 3307 enim
2357 3253 2502 3308 aliud
2513 3275 2650 3327 opus
2665 3257 2782 3310 Cae-

1762 3333 1892 3386 saris
1905 3331 2284 3404 Ephemerides
2295 3337 2590 3406 putaverim
2602 3375 2616 3401 ,
2627 3335 2756 3390 licet
2766 3377 2781 3404 ‚

1763 3431 1881 3484 quae
1908 3432 1937 3465 a
1961 3413 2144 3466 Servio
2175 3431 2239 3466 ex
2266 3414 2371 3468 illis
2397 3416 2749 3485 proferuntur
2769 3456 2787 3484 ‚

1762 3490 1925 3545 hodie
1939 3491 2313 3546 desideremus.
2329 3493 2466 3548 Sunt
2475 3507 2620 3548 certe
2638 3513 2783 3566 quo·

1762 3569 1916 3637 dam,
1950 3584 2012 3625 ut
2041 3584 2241 3625 norunt
2266 3573 2488 3640 eruditi,
2517 3574 2574 3626 in
2603 3575 2689 3627 his
2715 3575 2782 3627 li·

1762 3651 1874 3704 bris
1889 3649 1957 3704 de
1975 3652 2117 3705 bello
2131 3651 2337 3705 Gallico
2353 3653 2571 3706 lacunae.
2591 3654 2782 3726 Neque

1765 3729 1909 3782 aliud
1949 3732 2190 3786 existimo
2231 3750 2343 3784 esse
2385 3733 2418 3784 J
2421 3733 2517 3786 ulii
2559 3733 2782 3787 cm

1767 3808 2007 3862 Chronica
2021 3849 2036 3877 ,
2059 3829 2178 3883 quae
2201 3813 2556 3883 manuscripta
2584 3831 2786 3866 memo·

1762 3902 1954 3943 rantur
1977 3891 2033 3942 in
2059 3891 2308 3962 Catalogo
2331 3893 2468 3945 Bibl.
2488 3893 2557 3944 Is.
2579 3892 2778 3945 Vostii.

1763 3968 1982 4024 Graecm
1997 3969 2256 4041 interpres
2268 3972 2535 4044 inscripsit
2552 3973 2782 4042 ἀπομνη-

1765 4053 2054 4120 μονεύματα
2066 4056 2150 4102 τοῦ
2173 4053 2218 4103 ἐν
2237 4049 2301 4120 ἕτῇ
2317 4051 2541 4121 Γαλατίᾳ
2550 4053 2785 4122 πολέμου.
