3017 5042
987 485 1706 558 FRAGMENTA.
2336 511 2417 558 11

265 606 500 693 Caesar
530 621 790 717 primus
823 645 1104 690 uxorem
1119 644 1320 690 suam
1357 619 1747 690 defunctam
1776 617 2086 689 laudavit.
2108 624 2235 690 Ex
2261 624 2425 690 Plu·

268 729 553 817 tarclm,
589 734 661 799 in
716 732 995 800 Caesare
1007 777 1033 810 ‚
1071 744 1249 797 nost.
1289 727 1395 797 ed.
1437 743 1482 795 t.
1530 731 1677 813 III,
1710 751 1891 823 pag.
1944 725 2118 822 273.

836 916 961 984 Ex
1002 917 1340 986 Oratione
1361 937 1504 1008 pro
1543 911 1872 1008 Bathynls.

385 1085 464 1152 C.
507 1085 732 1153 Caesar
777 1085 968 1152 Pont.
1010 1085 1188 1151 Max.
1243 1085 1311 1150 in
1354 1083 1687 1166 oratione,
1722 1105 1923 1176 quam
1960 1107 2085 1176 pro
2131 1082 2429 1176 Bithynis

277 1189 489 1277 dixit,
517 1189 650 1258 hoc
696 1190 1025 1285 principio
1055 1214 1214 1258 usus
1259 1203 1359 1259 est
1390 1215 1404 1257 :
1442 1188 1571 1259 Vel
1609 1215 1734 1284 pro
1764 1189 2052 1285 hospitio
2090 1189 2266 1283 regis
2307 1190 2428 1258 Ni-

276 1295 612 1382 comedis,
658 1294 765 1364 vel
803 1322 927 1391 pro
966 1297 1208 1366 horum
1249 1297 1675 1384 necessitate,
1704 1321 1991 1389 quorum
2029 1321 2133 1364 res
2170 1297 2431 1390 agitur,

277 1402 591 1496 refugere
629 1403 763 1471 hoc
802 1428 1088 1489 munus,
1119 1405 1214 1471 M.
1252 1405 1514 1489 Vinici,
1550 1429 1687 1471 non
1731 1405 1921 1497 potui
1956 1428 1971 1470 ε
2017 1428 2172 1471 nam
2214 1427 2433 1496 neque

276 1509 633 1578 hominum
696 1525 913 1578 morte
956 1511 1278 1580 memoria
1314 1508 1520 1578 deleri
1563 1508 1792 1596 debet,
1829 1510 1991 1603 quin
2028 1534 2068 1577 a
2110 1511 2431 1603 proximis

278 1617 648 1685 retineatur
667 1640 926 1712 ;·neque
951 1615 1222 1686 clientes
1266 1618 1405 1686 sine
1437 1641 1697 1685 summa
1727 1615 1999 1684 infamia
2028 1616 2242 1685 deseri
2275 1641 2429 1711 pos-

279 1735 439 1790 sunt
479 1747 493 1791 :
539 1723 784 1818 quibus
828 1724 1027 1816 etiam
1063 1748 1104 1791 a
1138 1723 1529 1818 propinquis
1569 1722 1812 1792 nostris
1864 1749 2062 1818 opem
2105 1723 2279 1791 ferre
2322 1725 2431 1791 in-

280 1830 639 1898 stituimus
686 1832 813 1899 Ex
840 1833 935 1900 A.
981 1831 1190 1900 Gellii
1220 1829 1333 1899 lib.
1369 1833 1457 1915 V,
1493 1854 1552 1897 c.
1604 1853 1629 1898 1
1650 1827 1715 1898 3.

389 1935 576 2024 Quid
617 1935 824 2031 ergo?
857 1937 1250 2032 syngraphae
1289 1962 1427 2005 non
1470 1930 1666 2021 sunt3
1693 1934 1809 2004 sed
1854 1959 1957 2003 res
1994 1932 2209 2004 aliena
2247 1951 2347 2005 est
2362 1923 2431 2002 ¹⁴.

279 2043 407 2112 Ex
442 2043 624 2112 Iulio
655 2043 1033 2133 Rzfim'ano
1067 2043 1155 2112 de
1182 2047 1474 2138 Figuris.

815 2231 946 2299 Ex
985 2235 1302 2299 oratione
1319 2255 1460 2325 pro
1504 2231 1654 2323 lege
1694 2230 2002 2297 Plautia.

391 2395 645 2492 Repeti
688 2409 912 2474 tamen
957 2397 1026 2464 in
1065 2396 1364 2464 oratione
1420 2397 1497 2464 C.
1560 2395 1881 2483 Caesaris,
1920 2419 2053 2489 qua
2109 2393 2436 2466 Plautiam

287 2503 704 2598 rogationem
726 2503 950 2586 suasit,
980 2506 1456 2571 necessitatem
1482 2501 1730 2570 dictam
1754 2526 1881 2596 pro
1911 2502 2440 2589 necessitudine,

288 2607 358 2676 id
400 2622 542 2708 est,¹
568 2610 720 2704 jure
755 2607 1114 2681 affinitatis.
1155 2607 1382 2678 Verba
1416 2608 1559 2676 haec
1604 2623 1762 2676 sunt
1790 2633 1806 2676 ε
1846 2637 1881 2672 (ε
1914 2608 2246 2703 Equidem
2272 2609 2436 2678 mihi

289 2714 526 2784 videor
589 2741 714 2810 pro
749 2731 1009 2792 ,nostra
1067 2717 1457 2785 necessitate
1475 2767 1494 2801 ,
1534 2738 1671 2782 non
1712 2713 1973 2802 labore,
2012 2740 2151 2783 non
2195 2739 2437 2809 opera,

290 2846 429 2890 non
458 2823 784 2902 industria
817 2822 1118 2915 defuisse.
1159 2851 1194 2886 ι)
1236 2824 1362 2893 Ex
1403 2823 1496 2891 A.
1536 2822 1708 2891 Gell.
1740 2820 1855 2910 lib.
1888 2824 2112 2907 XIII,
2143 2845 2298 2918 cap.
2350 2819 2394 2890 3
2418 2873 2437 2906 ,

289 2944 363 2997 et
402 2932 641 3001 Nonio
677 2935 749 2998 in
789 2953 964 2998 voce
995 2929 1392 3000 Necessitas,

735 3118 805 3184 E
805 3138 860 3184 x
896 3121 1213 3184 oratz'one
1249 3120 1320 3182 in
1363 3117 1479 3185 Cn.
1519 3113 1985 3183 Dolabellam.

402 3287 629 3353 Caesar
670 3285 740 3352 in
784 3277 1202 3354 Dolabellam
1240 3285 1518 3353 actionis
1556 3308 1659 3354 111.
1706 3283 1825 3353 Ibi
1858 3288 1976 3352 isti
1995 3338 2014 3371 ,
2042 3298 2329 3378 qaorum
2370 3290 2444 3353 in

293 3389 564 3471 cedibus
581 3390 938 3486 fanisque
953 3396 1202 3487 posita
1219 3444 1242 3477 ,
1277 3407 1352 3460 et
1383 3392 1632 3460 honori
1668 3397 1875 3460 erant
1892 3444 1913 3476 ,
1956 3406 2029 3458 et
2057 3407 2331 3460 ornatu.
2361 3393 2445 3459 In

295 3495 480 3567 libris
523 3522 791 3593 quoque
847 3497 1227 3593 Analogiois
1284 3499 1514 3568 omnia
1556 3497 1922 3568 istiusmodi
1976 3497 2199 3566 sine.·z'.
2229 3497 2446 3568 littera

299 3603 582 3674 dicenda
612 3619 854 3674 censet.
900 3609 1038 3676 Ea:
1061 3608 1154 3676 Α.
1205 3606 1378 3674 Gell.
1415 3604 1526 3674 lib.
1568 3608 1715 3689 IV,
1748 3629 1904 3700 cap.
1956 3601 2069 3674 16.

406 3713 613 3783 Nono
667 3711 940 3786 decimo
977 3714 1184 3782 aetatis
1237 3736 1416 3780 anno
1464 3713 1542 3780 L.
1586 3713 1865 3781 Crassus
1902 3713 1979 3779 C.
2021 3711 2447 3799 Carbonem,

387 3920 475 3978 14.
504 3911 609 3966 Sed
627 3932 701 3964 res
721 3913 886 3967 aliem
911 3925 999 3972 est
1019 3877 1198 3964 Julius
1218 3913 1329 3966 Ru·-
1420 3912 1641 3965 Caesaris
1671 3930 1773 3984 pro
1804 3911 2086 3983 BithyniS,
2106 3909 2255 3984 quod
2282 3932 2448 3985 prop·

305 3990 535 4046 finianus
566 4004 838 4046 exsecutus
870 3983 1212 4072 apophasim,
1241 4011 1334 4044 seu
1420 4003 1502 4042 ter
1520 3991 1834 4044 brevitatem
1856 3991 2106 4085 explicari
2122 3993 2324 4066 nequit.
2350 3994 2450 4046 Rei

306 4071 410 4126 alio
427 4073 646 4126 nomine
669 4071 1021 4142 aetiologiam,
1041 4073 1154 4142 ejus
1185 4065 1334 4124 addit
1384 4099 1387 4104 ·
1423 4069 1569 4124 enim
1594 4071 1831 4146 cognitio
1860 4066 2034 4146 posita
2061 4071 2118 4123 in
2144 4073 2322 4140 facto,
2354 4085 2448 4127 cu·

243 4169 254 4184 ‘
306 4154 546 4225 exempla
563 4153 860 4216 nonnulla
851 4165 995 4210 tum
1003 4171 1064 4206 ex
1095 4153 1336 4206 oratione
1381 4153 1508 4222 jus
1530 4151 1793 4209 memoria
1820 4153 1971 4206 nulla
1999 4165 2255 4224 superest.
