3017 5042
670 456 809 523 DE
874 454 953 522 c,
1024 450 1344 521 mmo
1407 404 1878 519 'cAEsARn¹
2209 451 2350 541 145

240 586 689 663 Astronomicis
732 583 1009 655 Caesaris
1052 584 1624 653 observationibus
1665 609 1822 653 usus
1873 585 2070 653 etiam
2117 611 2359 681 cogno-

242 697 421 765 scitur
456 693 771 765 Claudius
811 692 1207 762 Ptolemaeus
1238 690 1409 760 libro
1454 690 1538 760 de
1577 694 1982 787 apparentiis
2005 692 2308 765 fixarum.

1003 886 1566 983 Cosmographia.

330 1064 522 1134 Iussit
555 1064 755 1133 etiam
794 1064 1018 1133 Caesar
1058 1086 1325 1131 omnem
1367 1062 1600 1131 orbem
1651 1064 1909 1131 romani
1932 1044 2232 1135 'nominis
2274 1068 2364 1137 di·

242 1172 433 1241 metiri
462 1196 577 1266 per
605 1172 785 1239 viros
814 1170 1093 1265 peritos,
1120 1183 1188 1237 et
1212 1169 1385 1237 banc
1412 1168 1932 1265 descriptionem
1966 1175 2364 1268 Cosmogra·

230 1278 487 1373 plu'cam
518 1281 585 1346 in
624 1277 845 1347 literas
890 1275 1155 1361 referri,
1200 1290 1275 1343 ut
1309 1290 1546 1345 auctor
1589 1292 1689 1345 est
1729 1278 2030 1347 AEthicus
2078 1283 2366 1375 scriptor

244 1384 650 1473 christianus,
690 1385 802 1477 qui
850 1396 1002 1477 post
1044 1383 1463 1452 Constantini
1517 1386 1611 1451 M.
1673 1398 1978 1480 tempora
2035 1388 2233 1476 vixit,
2293 1389 2366 1456 in

240 1491 397 1585 praef.
438 1505 713 1560 testatus
758 1502 1223 1585 argumentum
1268 1503 1334 1557 et
1377 1489 1678 1559 ordinem
1723 1492 1792 1560 in
1837 1494 2370 1589 Cosmographia

241 1622 339 1667 sua
379 1623 511 1667 esse
552 1596 904 1682 eumdem,
938 1592 1178 1690 quem,
1224 1620 1562 1665 mensores
1607 1596 1786 1665 orbis
1827 1599 1952 1666 sub
1994 1602 2176 1669 Julio
2217 1604 2366 1670 (⁷oe-

239 1728 375 1772 sare
423 1718 488 1774 et
526 1707 628 1773 M.
668 1706 1068 1789 Antonino,
1120 1716 1318 1795 atque
1363 1703 1485 1773 sub
1533 1704 1704 1797 Imp.
1748 1708 2071 1799 Augusto
2083 1761 2108 1793 ‚
2156 1710 2368 1777 Zeno·

240 1810 425 1881 doxus
463 1800 959 1901 (Xenodoxus)
997 1811 1065 1876 in
1110 1811 1398 1895 oriente,
1428 1809 1815 1878 Theodotus
1843 1812 1927 1879 ad
1963 1820 2370 1908 septemtrio-

238 1942 357 2002 neS‚
370 1916 724 2012 Polyclitus
748 1917 832 1984 ad
852 1915 1197 1984 meridiem
1221 1915 1696 1984 observarunt:
1718 1918 1895 1985 unde
1920 1944 2056 1986 non
2079 1920 2374 1989 absurde

241 2020 525 2117 colligunt
564 2027 697 2092 viri
738 2022 954 2110 docti,
998 2023 1129 2091 hoc
1165 2025 1383 2118 ipsum
1417 2048 1588 2117 opus
1620 2048 1762 2092 esse
1805 2026 2369 2121 Cosmograplzioe

240 2144 295 2199 et
330 2120 696 2217 Itinerarii,
738 2128 919 2224 quod
955 2128 1131 2198 Julio
1163 2130 1407 2199 Caesari
1435 2155 1473 2197 a
1501 2129 1808 2199 Baldrico
1845 2148 1912 2200 et
1949 2130 2091 2201 aliis
2127 2133 2368 2205 adscri-

234 2234 423 2322 bitur,
447 2237 558 2307 sed
592 2263 639 2305 a
662 2240 864 2306 vanis
902 2251 1131 2331 postea
1163 2236 1668 2332 interpolatum,
1698 2240 2154 2324 immutatum,
2186 2255 2366 2309 trun·

123 2434 129 2441 .
237 2348 460 2427 catum,
513 2359 827 2430 auctum,
878 2368 1009 2437 qua
1062 2342 1403 2427 Ethnicis,
1450 2369 1580 2438 qua
1632 2346 2068 2433 Christianis,
2105 2348 2190 2415 ad
2243 2374 2367 2419 nos

237 2453 543 2545 pervenit,
576 2475 1169 2547 saepenumeroque
1199 2450 1450 2519 editum
1481 2450 1610 2521 est¹
1646 2452 1770 2521 sub
1802 2454 2070 2521 nomine
2103 2456 2376 2525 AEtlu‘ci

238 2560 381 2625 Istri
408 2574 469 2627 et
495 2561 849 2628 Antonini
869 2559 1194 2653 Augusti.
1227 2560 1307 2625 In
1344 2556 1484 2625 aliis
1515 2558 1908 2652 quibusdam
1948 2558 2140 2629 codd.
2169 2564 2364 2633 MSS.

239 2666 515 2734 Antonio
551 2667 953 2759 Augustulo
984 2662 1087 2731 vel
1123 2665 1539 2757 Augustali,
1575 2666 1641 2732 in
1667 2664 1808 2733 aliis
1835 2668 2026 2749 lulio
2046 2670 2368 2737 Honorio

242 2770 484 2841 Oratori
505 2771 524 2795 ²
568 2772 923 2854 tribuitur,
953 2770 1078 2839 sub
1115 2770 1302 2863 cujus
1326 2772 1592 2838 nomine
1630 2769 1870 2837 librum
1904 2772 2368 2865 hujuscemodi

241 2872 439 2948 laudat
476 2880 679 2948 etiam
729 2876 1166 2949 Cassiodorus
1206 2875 1288 2945 de
1328 2877 1568 2945 divinis
1613 2877 2004 2946 lectionibus
2051 2903 2195 2973 cap.
2245 2878 2367 2950 25.

244 2983 505 3055 Consule
544 2988 859 3055 Vossium
904 2983 1073 3052 libro
1115 2983 1198 3052 de
1241 2981 1612 3077 Philologia
1652 3008 1715 3077 p.
1778 2980 1912 3079 593
1957 2998 2024 3052 et
2066 2986 2151 3053 de
2195 2988 2364 3067 Hist.

242 3084 334 3159 lat.
371 3118 432 3187 p.
473 3093 609 3180 643
667 3106 866 3185 atque
912 3092 1241 3185 Gangium
1289 3092 1357 3159 in
1400 3090 1601 3160 CPoli
1647 3090 2004 3161 chrlstiana
2060 3108 2250 3195 parte
2295 3096 2364 3182 I,
2449 3113 2456 3124 ’

244 3217 298 3289 p.
340 3196 450 3268 62.
498 3199 809 3269 Barthius
854 3200 925 3265 in
980 3223 1101 3267 suo
1155 3197 1386 3268 codice
1416 3202 1766 3269 Antonini
1807 3200 2080 3267 AEtlzici
2114 3226 2365 3270 nomen

314 3417 357 3453 1.
382 3400 655 3457 Editiones
676 3402 850 3455 refero
867 3400 1003 3454 Bihl.
1024 3400 1141 3455 Lat.
1158 3400 1241 3465 113

244 3478 321 3531 ubi
340 3478 717 3555 dePomponio
741 3480 881 3533 Mela
900 3481 1240 3552 Geographo.

243 3556 365 3612 Vide
377 3564 527 3615 etiam
558 3581 677 3635 quae
698 3563 877 3615 notavi
892 3561 949 3613 in
964 3558 1242 3631 fragment.

243 3636 441 3709 Augusti
462 3662 579 3715 pag.
611 3646 720 3695 206
740 3662 757 3705 ς
777 3661 875 3693 nec
897 3660 1004 3693 non
1033 3638 1101 3693 ad
1119 3641 1245 3692 Dio·

242 3716 311 3769 nis
323 3722 558 3791 paginam
573 3724 601 3775 5
611 3724 706 3784 88,
716 3722 760 3773 E
772 3741 789 3786 ;
804 3722 897 3774 etJ
900 3740 953 3774 0.
964 3720 1245 3773 Nicolaum

242 3792 541 3867 Funccium‚
580 3801 648 3855 de
682 3802 829 3855 virili
864 3813 1014 3853 aetate
1050 3801 1243 3870 lingua

242 3874 453 3946 Latinae,
479 3896 631 3955 parte
665 3883 751 3946 11,
784 3902 839 3955 p.
874 3888 983 3945 304
1018 3898 1163 3951 seqq.

314 3978 359 4010 α.
393 3962 573 4015 Julium
619 3963 873 4014 Oratorem
923 3958 1243 4013 Cassiodoro

241 4051 567 4095 memoratum
603 4040 920 4094 sirmondus
949 4040 1016 4094 ad
1046 4040 1243 4092 librum

240 4112 266 4163 I
292 4116 486 4173 Sidonii
528 4122 889 4195 Epistolarum
918 4124 979 4191 1,
1022 4134 1152 4175 tom.
1186 4120 1244 4185 1,

331 4230 452 4299 IV.

1332 3400 1476 3471 Opp.
1502 3414 1622 3471 pag.
1660 3401 1772 3453 838
1794 3438 1811 3465 ,
1840 3412 1993 3471 putat
2023 3419 2134 3454 esse
2172 3400 2358 3455 Iulium

1340 3481 1586 3531 Titianum
1600 3520 1615 3542 ‚
1656 3482 1807 3551 cujus
1835 3481 1981 3533 libr-os
2002 3486 2359 3552 provinciarum

1330 3578 1424 3612 seu
1442 3558 1836 3631 Cosmograplaioe
1845 3561 2180 3633 Capitolinus
2197 3565 2360 3619 etiam

1329 3653 1382 3692 et
1412 3639 1626 3692 Servius
1658 3638 1908 3706 laudant,
1928 3642 2132 3707 fabulas
2154 3644 2361 3713 ,Es-opi-

1330 3740 1412 3771 cas
1450 3721 1719 3772 Ausonius
1739 3759 1754 3785 ‚
1783 3720 1928 3772 libros
1962 3722 2022 3773 de
2057 3724 2359 3791 agricultura

1330 3798 1618 3852 Diomedes
1635 3840 1652 3867 ,
1678 3801 1820 3853 Artis
1851 3802 2096 3853 rhetorica
2112 3814 2358 3873 praecepta

1329 3878 1594 3949 Isidorus,
1613 3880 1822 3933 themata
1838 3884 2128 3951 virgiliana,
2153 3880 2221 3933 de
2241 3884 2358 3954 qui-

1331 3961 1429 4012 bus
1456 3961 1594 4013 infra
1632 3974 1682 4012 et
1713 3960 1953 4025 Servius,
1981 3962 2232 4031 Epistulas
2269 3962 2360 4015 de-

1329 4041 1493 4110 nique
1505 4039 1792 4093 illustrium
1809 4040 2124 4099 feminarum
2138 4044 2358 4096 nomine

1329 4119 1478 4173 fictas
1512 4119 1783 4176 Sidonius.

1897 4252 1987 4301 10
