<?xml version="1.0" encoding="UTF-8"?>
<!DOCTYPE html PUBLIC "-//W3C//DTD XHTML 1.0 Transitional//EN"
    "http://www.w3.org/TR/xhtml1/DTD/xhtml1-transitional.dtd">
<html xmlns="http://www.w3.org/1999/xhtml" xml:lang="en" lang="en">
 <head>
  <title>
</title>
<meta http-equiv="Content-Type" content="text/html;charset=utf-8" />
  <meta name='ocr-system' content='tesseract 3.04.00' />
  <meta name='ocr-capabilities' content='ocr_page ocr_carea ocr_par ocr_line ocrx_word'/>
</head>
<body>
  <div class='ocr_page' id='page_1' title='image "./caiusjuliuscsar01unkngoog/caiusjuliuscsar01unkngoog_0160.png"; bbox 0 0 3017 5042; ppageno 0'>
   <div class='ocr_carea' id='block_1_1' title="bbox 756 405 2451 560">
    <p class='ocr_par' dir='ltr' id='par_1_1' title="bbox 756 405 2451 560">
     <span class='ocr_line' id='line_1_1' title="bbox 756 405 2451 560; baseline 0.002 -29"><span class='ocrx_word' id='word_1_1' title='bbox 756 464 894 531; x_wconf 72' lang='lat' dir='ltr'>nr,</span> <span class='ocrx_word' id='word_1_2' title='bbox 964 462 1041 530; x_wconf 85' lang='lat' dir='ltr'>C.</span> <span class='ocrx_word' id='word_1_3' title='bbox 1110 407 1451 530; x_wconf 62' lang='lat' dir='ltr'>sunio</span> <span class='ocrx_word' id='word_1_4' title='bbox 1521 405 1991 530; x_wconf 38' lang='lat' dir='ltr'>cAEsAR&#39;E.</span> <span class='ocrx_word' id='word_1_5' title='bbox 2116 445 2124 450; x_wconf 79' lang='grc'>’</span> <span class='ocrx_word' id='word_1_6' title='bbox 2311 467 2451 560; x_wconf 78' lang='lat'>147</span> 
     </span>
    </p>
   </div>
   <div class='ocr_carea' id='block_1_2' title="bbox 320 623 2469 859">
    <p class='ocr_par' dir='ltr' id='par_1_2' title="bbox 320 623 2469 859">
     <span class='ocr_line' id='line_1_2' title="bbox 320 623 2469 754; baseline -0.001 -26"><span class='ocrx_word' id='word_1_7' title='bbox 320 659 723 754; x_wconf 69' lang='lat' dir='ltr'>Deplomata</span> <span class='ocrx_word' id='word_1_8' title='bbox 772 679 933 750; x_wconf 81' lang='lat' dir='ltr'>quoe</span> <span class='ocrx_word' id='word_1_9' title='bbox 980 623 1295 726; x_wconf 56' lang='lat' dir='ltr'>sicestria·</span> <span class='ocrx_word' id='word_1_10' title='bbox 1354 678 1684 723; x_wconf 81' lang='lat' dir='ltr'>conc-essa</span> <span class='ocrx_word' id='word_1_11' title='bbox 1733 679 1782 724; x_wconf 88' lang='lat' dir='ltr'>a</span> <span class='ocrx_word' id='word_1_12' title='bbox 1836 657 2116 726; x_wconf 84' lang='lat' dir='ltr'>Caesare</span> <span class='ocrx_word' id='word_1_13' title='bbox 2153 660 2469 728; x_wconf 78' lang='lat' dir='ltr'><em>nonnulli</em></span> 
     </span>
     <span class='ocr_line' id='line_1_3' title="bbox 348 761 2408 859; baseline 0 -25"><span class='ocrx_word' id='word_1_14' title='bbox 348 766 754 858; x_wconf 81' lang='lat' dir='ltr'>jactarunt,</span> <span class='ocrx_word' id='word_1_15' title='bbox 782 779 857 832; x_wconf 84' lang='lat' dir='ltr'>et</span> <span class='ocrx_word' id='word_1_16' title='bbox 885 764 1037 832; x_wconf 75' lang='lat' dir='ltr'>alla</span> <span class='ocrx_word' id='word_1_17' title='bbox 1071 761 1395 856; x_wconf 65' lang='lat' dir='ltr'>quaedam</span> <span class='ocrx_word' id='word_1_18' title='bbox 1432 764 1702 832; x_wconf 66' lang='lat' dir='ltr'>Caesari</span> <span class='ocrx_word' id='word_1_19' title='bbox 1717 761 1999 832; x_wconf 76' lang='lat' dir='ltr'>rzdc&#39;cule</span> <span class='ocrx_word' id='word_1_20' title='bbox 2023 771 2408 859; x_wconf 79' lang='lat' dir='ltr'>supposita.</span> 
     </span>
    </p>
   </div>
   <div class='ocr_carea' id='block_1_3' title="bbox 313 945 2486 2538">
    <p class='ocr_par' dir='ltr' id='par_1_3' title="bbox 313 945 2486 2538">
     <span class='ocr_line' id='line_1_4' title="bbox 418 945 2465 1041; baseline 0.002 -23"><span class='ocrx_word' id='word_1_21' title='bbox 418 953 755 1018; x_wconf 81' lang='lat' dir='ltr'>Feruntur</span> <span class='ocrx_word' id='word_1_22' title='bbox 799 946 1084 1040; x_wconf 91' lang='lat' dir='ltr'>denique</span> <span class='ocrx_word' id='word_1_23' title='bbox 1130 946 1285 1014; x_wconf 91' lang='lat' dir='ltr'>bina</span> <span class='ocrx_word' id='word_1_24' title='bbox 1329 946 1690 1040; x_wconf 90' lang='lat' dir='ltr'>diplomata</span> <span class='ocrx_word' id='word_1_25' title='bbox 1709 945 1756 1033; x_wconf 86' lang='lat'>¹,</span> <span class='ocrx_word' id='word_1_26' title='bbox 1802 973 1946 1041; x_wconf 83' lang='lat' dir='ltr'>quae</span> <span class='ocrx_word' id='word_1_27' title='bbox 1981 947 2166 1018; x_wconf 80' lang='lat' dir='ltr'>velut</span> <span class='ocrx_word' id='word_1_28' title='bbox 2209 975 2249 1020; x_wconf 92' lang='lat' dir='ltr'>a</span> <span class='ocrx_word' id='word_1_29' title='bbox 2287 951 2465 1023; x_wconf 87' lang='lat' dir='ltr'>Julio</span> 
     </span>
     <span class='ocr_line' id='line_1_5' title="bbox 321 1056 2466 1149; baseline 0.001 -23"><span class='ocrx_word' id='word_1_30' title='bbox 321 1059 573 1126; x_wconf 87' lang='lat' dir='ltr'>Caesare</span> <span class='ocrx_word' id='word_1_31' title='bbox 604 1079 684 1124; x_wconf 92' lang='lat' dir='ltr'>ac</span> <span class='ocrx_word' id='word_1_32' title='bbox 708 1056 979 1123; x_wconf 81' lang='lat' dir='ltr'>Nerone</span> <span class='ocrx_word' id='word_1_33' title='bbox 1009 1057 1226 1148; x_wconf 89' lang='lat' dir='ltr'>Impp.</span> <span class='ocrx_word' id='word_1_34' title='bbox 1261 1078 1591 1123; x_wconf 81' lang='lat' dir='ltr'>concessa</span> <span class='ocrx_word' id='word_1_35' title='bbox 1620 1057 1967 1141; x_wconf 79' lang='lat' dir='ltr'>Austrz’ce,</span> <span class='ocrx_word' id='word_1_36' title='bbox 2004 1056 2260 1149; x_wconf 80' lang='lat' dir='ltr'>pridem</span> <span class='ocrx_word' id='word_1_37' title='bbox 2293 1084 2466 1129; x_wconf 89' lang='lat' dir='ltr'>com-</span> 
     </span>
     <span class='ocr_line' id='line_1_6' title="bbox 318 1159 2467 1255; baseline 0.002 -25"><span class='ocrx_word' id='word_1_38' title='bbox 318 1178 576 1232; x_wconf 90' lang='lat' dir='ltr'>mentus</span> <span class='ocrx_word' id='word_1_39' title='bbox 596 1175 698 1230; x_wconf 87' lang='lat' dir='ltr'>est</span> <span class='ocrx_word' id='word_1_40' title='bbox 720 1162 943 1230; x_wconf 86' lang='lat' dir='ltr'>nescio</span> <span class='ocrx_word' id='word_1_41' title='bbox 962 1162 1109 1253; x_wconf 90' lang='lat' dir='ltr'>quis</span> <span class='ocrx_word' id='word_1_42' title='bbox 1130 1186 1145 1228; x_wconf 76' lang='grc' dir='ltr'><strong><em>ε</em></strong></span> <span class='ocrx_word' id='word_1_43' title='bbox 1168 1159 1281 1229; x_wconf 90' lang='lat' dir='ltr'>sed</span> <span class='ocrx_word' id='word_1_44' title='bbox 1310 1164 1546 1228; x_wconf 86' lang='lat' dir='ltr'>merito</span> <span class='ocrx_word' id='word_1_45' title='bbox 1565 1159 1848 1255; x_wconf 84' lang='lat' dir='ltr'>explosit</span> <span class='ocrx_word' id='word_1_46' title='bbox 1860 1165 1910 1228; x_wconf 91' lang='lat' dir='ltr'>F</span> <span class='ocrx_word' id='word_1_47' title='bbox 1915 1187 2091 1231; x_wconf 87' lang='lat' dir='ltr'>rane.</span> <span class='ocrx_word' id='word_1_48' title='bbox 2108 1165 2467 1235; x_wconf 84' lang='lat' dir='ltr'>Petrarcha</span> 
     </span>
     <span class='ocr_line' id='line_1_7' title="bbox 317 1265 2472 1362; baseline 0.002 -26"><span class='ocrx_word' id='word_1_49' title='bbox 317 1267 479 1337; x_wconf 91' lang='lat' dir='ltr'>libro</span> <span class='ocrx_word' id='word_1_50' title='bbox 513 1271 617 1337; x_wconf 92' lang='lat' dir='ltr'>IV</span> <span class='ocrx_word' id='word_1_51' title='bbox 662 1265 1113 1361; x_wconf 88' lang='lat' dir='ltr'>Epistolarum</span> <span class='ocrx_word' id='word_1_52' title='bbox 1153 1265 1452 1335; x_wconf 82' lang='lat' dir='ltr'>senilium</span> <span class='ocrx_word' id='word_1_53' title='bbox 1476 1321 1494 1355; x_wconf 82' lang='lat'>‚</span> <span class='ocrx_word' id='word_1_54' title='bbox 1533 1266 1830 1362; x_wconf 85' lang='lat' dir='ltr'>Epistola</span> <span class='ocrx_word' id='word_1_55' title='bbox 1867 1268 1953 1336; x_wconf 90' lang='lat' dir='ltr'>ad</span> <span class='ocrx_word' id='word_1_56' title='bbox 1979 1269 2300 1338; x_wconf 86' lang='lat' dir='ltr'>Carolum</span> <span class='ocrx_word' id='word_1_57' title='bbox 2333 1274 2472 1361; x_wconf 88' lang='lat' dir='ltr'>1V;</span> 
     </span>
     <span class='ocr_line' id='line_1_8' title="bbox 317 1367 2469 1472; baseline 0.001 -28"><span class='ocrx_word' id='word_1_58' title='bbox 317 1377 553 1445; x_wconf 84' lang='lat' dir='ltr'>AEneas</span> <span class='ocrx_word' id='word_1_59' title='bbox 579 1373 841 1470; x_wconf 85' lang='lat' dir='ltr'>Sylvius</span> <span class='ocrx_word' id='word_1_60' title='bbox 864 1375 932 1440; x_wconf 91' lang='lat' dir='ltr'>in</span> <span class='ocrx_word' id='word_1_61' title='bbox 957 1375 1250 1442; x_wconf 85' lang='lat' dir='ltr'>Historia</span> <span class='ocrx_word' id='word_1_62' title='bbox 1273 1398 1495 1462; x_wconf 85' lang='lat' dir='ltr'>rerum</span> <span class='ocrx_word' id='word_1_63' title='bbox 1515 1373 1833 1443; x_wconf 86' lang='lat' dir='ltr'>Friderici</span> <span class='ocrx_word' id='word_1_64' title='bbox 1857 1377 1996 1463; x_wconf 75' lang='lat'>1113</span> <span class='ocrx_word' id='word_1_65' title='bbox 2017 1391 2085 1444; x_wconf 85' lang='lat' dir='ltr'>et</span> <span class='ocrx_word' id='word_1_66' title='bbox 2103 1380 2138 1444; x_wconf 89' lang='lat' dir='ltr'>J</span> <span class='ocrx_word' id='word_1_67' title='bbox 2144 1367 2204 1445; x_wconf 86' lang='lat' dir='ltr'>o.</span> <span class='ocrx_word' id='word_1_68' title='bbox 2228 1379 2469 1472; x_wconf 90' lang='lat' dir='ltr'>Cuspi·</span> 
     </span>
     <span class='ocr_line' id='line_1_9' title="bbox 317 1481 2472 1579; baseline 0.001 -28"><span class='ocrx_word' id='word_1_69' title='bbox 317 1485 548 1551; x_wconf 90' lang='lat' dir='ltr'>nianus</span> <span class='ocrx_word' id='word_1_70' title='bbox 580 1483 655 1579; x_wconf 82' lang='lat' dir='ltr'>in</span> <span class='ocrx_word' id='word_1_71' title='bbox 699 1481 1141 1574; x_wconf 85' lang='lat' dir='ltr'>descriptione</span> <span class='ocrx_word' id='word_1_72' title='bbox 1187 1483 1506 1563; x_wconf 83' lang='lat' dir='ltr'>Austriae3</span> <span class='ocrx_word' id='word_1_73' title='bbox 1555 1483 1902 1576; x_wconf 89' lang='lat' dir='ltr'>primoque</span> <span class='ocrx_word' id='word_1_74' title='bbox 1953 1484 2199 1551; x_wconf 88' lang='lat' dir='ltr'>intuitu</span> <span class='ocrx_word' id='word_1_75' title='bbox 2258 1484 2472 1553; x_wconf 88' lang='lat' dir='ltr'>futilia</span> 
     </span>
     <span class='ocr_line' id='line_1_10' title="bbox 316 1587 2472 1681; baseline 0.003 -25"><span class='ocrx_word' id='word_1_76' title='bbox 316 1587 558 1658; x_wconf 89' lang='lat' dir='ltr'>insulsa</span> <span class='ocrx_word' id='word_1_77' title='bbox 610 1602 677 1656; x_wconf 93' lang='lat' dir='ltr'>et</span> <span class='ocrx_word' id='word_1_78' title='bbox 724 1587 999 1656; x_wconf 88' lang='lat' dir='ltr'>ridicula</span> <span class='ocrx_word' id='word_1_79' title='bbox 1044 1611 1397 1681; x_wconf 80' lang='lat' dir='ltr'>apparere,</span> <span class='ocrx_word' id='word_1_80' title='bbox 1441 1587 1734 1672; x_wconf 82' lang='lat' dir='ltr'>affirmat</span> <span class='ocrx_word' id='word_1_81' title='bbox 1785 1591 2022 1657; x_wconf 89' lang='lat' dir='ltr'>Petrus</span> <span class='ocrx_word' id='word_1_82' title='bbox 2071 1591 2472 1662; x_wconf 89' lang='lat' dir='ltr'>Lambecius</span> 
     </span>
     <span class='ocr_line' id='line_1_11' title="bbox 315 1692 2473 1790; baseline 0.002 -27"><span class='ocrx_word' id='word_1_83' title='bbox 315 1695 421 1764; x_wconf 89' lang='lat' dir='ltr'>lib.</span> <span class='ocrx_word' id='word_1_84' title='bbox 458 1699 528 1764; x_wconf 94' lang='lat' dir='ltr'>II</span> <span class='ocrx_word' id='word_1_85' title='bbox 580 1693 664 1762; x_wconf 81' lang='lat' dir='ltr'>de</span> <span class='ocrx_word' id='word_1_86' title='bbox 701 1692 866 1762; x_wconf 92' lang='lat' dir='ltr'>Bibl.</span> <span class='ocrx_word' id='word_1_87' title='bbox 898 1694 1409 1764; x_wconf 89' lang='lat' dir='ltr'>Vindobonensi</span> <span class='ocrx_word' id='word_1_88' title='bbox 1444 1719 1508 1788; x_wconf 90' lang='lat' dir='ltr'>p.</span> <span class='ocrx_word' id='word_1_89' title='bbox 1546 1692 1720 1790; x_wconf 84' lang='lat'>962.</span> <span class='ocrx_word' id='word_1_90' title='bbox 1761 1694 1936 1764; x_wconf 83' lang='lat' dir='ltr'>Vide</span> <span class='ocrx_word' id='word_1_91' title='bbox 1981 1697 2178 1765; x_wconf 88' lang='lat' dir='ltr'>etiam</span> <span class='ocrx_word' id='word_1_92' title='bbox 2221 1698 2473 1768; x_wconf 87' lang='lat' dir='ltr'>Boecle-</span> 
     </span>
     <span class='ocr_line' id='line_1_12' title="bbox 315 1799 2478 1899; baseline 0.001 -27"><span class='ocrx_word' id='word_1_93' title='bbox 315 1829 463 1872; x_wconf 88' lang='lat' dir='ltr'>rum</span> <span class='ocrx_word' id='word_1_94' title='bbox 508 1801 595 1869; x_wconf 89' lang='lat' dir='ltr'>ad</span> <span class='ocrx_word' id='word_1_95' title='bbox 640 1803 863 1869; x_wconf 88' lang='lat' dir='ltr'>AEneae</span> <span class='ocrx_word' id='word_1_96' title='bbox 907 1799 1111 1894; x_wconf 85' lang='lat' dir='ltr'>Sylvii</span> <span class='ocrx_word' id='word_1_97' title='bbox 1146 1802 1506 1869; x_wconf 88' lang='lat' dir='ltr'>Historiam</span> <span class='ocrx_word' id='word_1_98' title='bbox 1552 1827 1618 1894; x_wconf 90' lang='lat' dir='ltr'>p.</span> <span class='ocrx_word' id='word_1_99' title='bbox 1675 1800 1816 1870; x_wconf 79' lang='lat'>126</span> <span class='ocrx_word' id='word_1_100' title='bbox 1860 1827 1952 1896; x_wconf 90' lang='lat' dir='ltr'>sq.</span> <span class='ocrx_word' id='word_1_101' title='bbox 2000 1805 2174 1871; x_wconf 89' lang='lat' dir='ltr'>Sane</span> <span class='ocrx_word' id='word_1_102' title='bbox 2214 1804 2318 1873; x_wconf 84' lang='lat' dir='ltr'>his</span> <span class='ocrx_word' id='word_1_103' title='bbox 2359 1807 2478 1899; x_wconf 86' lang='lat' dir='ltr'>qui</span> 
     </span>
     <span class='ocr_line' id='line_1_13' title="bbox 313 1907 2478 2002; baseline 0 -23"><span class='ocrx_word' id='word_1_104' title='bbox 313 1910 561 1978; x_wconf 90' lang='lat' dir='ltr'>habeat</span> <span class='ocrx_word' id='word_1_105' title='bbox 604 1907 842 1993; x_wconf 89' lang='lat' dir='ltr'>fidem,</span> <span class='ocrx_word' id='word_1_106' title='bbox 881 1907 1054 1975; x_wconf 88' lang='lat' dir='ltr'>idem</span> <span class='ocrx_word' id='word_1_107' title='bbox 1093 1907 1215 1976; x_wconf 89' lang='lat' dir='ltr'>sibi</span> <span class='ocrx_word' id='word_1_108' title='bbox 1252 1910 1653 2002; x_wconf 83' lang='lat' dir='ltr'>persuaserit</span> <span class='ocrx_word' id='word_1_109' title='bbox 1681 1932 1981 2001; x_wconf 87' lang='lat' dir='ltr'>quoque,</span> <span class='ocrx_word' id='word_1_110' title='bbox 2021 1909 2478 1980; x_wconf 76' lang='lat' dir='ltr'>Leabusz&#39;ense</span> 
     </span>
     <span class='ocr_line' id='line_1_14' title="bbox 319 2011 2477 2111; baseline 0.001 -26"><span class='ocrx_word' id='word_1_111' title='bbox 319 2019 452 2085; x_wconf 85' lang='lat' dir='ltr'>sive</span> <span class='ocrx_word' id='word_1_112' title='bbox 497 2013 810 2085; x_wconf 81' lang='lat' dir='ltr'>Lubense</span> <span class='ocrx_word' id='word_1_113' title='bbox 852 2016 918 2081; x_wconf 90' lang='lat' dir='ltr'>in</span> <span class='ocrx_word' id='word_1_114' title='bbox 961 2011 1187 2082; x_wconf 88' lang='lat' dir='ltr'>Silesia</span> <span class='ocrx_word' id='word_1_115' title='bbox 1238 2014 1617 2082; x_wconf 83' lang='lat' dir='ltr'>coenobium</span> <span class='ocrx_word' id='word_1_116' title='bbox 1661 2013 1836 2082; x_wconf 80' lang='lat' dir='ltr'>Julio</span> <span class='ocrx_word' id='word_1_117' title='bbox 1884 2017 2127 2083; x_wconf 88' lang='lat' dir='ltr'>Caesari</span> <span class='ocrx_word' id='word_1_118' title='bbox 2189 2018 2477 2111; x_wconf 84' lang='lat' dir='ltr'>origines</span> 
     </span>
     <span class='ocr_line' id='line_1_15' title="bbox 318 2120 2481 2216; baseline 0 -24"><span class='ocrx_word' id='word_1_119' title='bbox 318 2123 583 2209; x_wconf 83' lang='lat' dir='ltr'>debere,</span> <span class='ocrx_word' id='word_1_120' title='bbox 613 2137 690 2189; x_wconf 88' lang='lat' dir='ltr'>ut</span> <span class='ocrx_word' id='word_1_121' title='bbox 706 2123 924 2189; x_wconf 89' lang='lat' dir='ltr'>visum</span> <span class='ocrx_word' id='word_1_122' title='bbox 956 2135 1182 2214; x_wconf 84' lang='lat' dir='ltr'>inepto</span> <span class='ocrx_word' id='word_1_123' title='bbox 1210 2121 1477 2190; x_wconf 89' lang='lat' dir='ltr'>cuidam</span> <span class='ocrx_word' id='word_1_124' title='bbox 1499 2120 1968 2208; x_wconf 83' lang='lat' dir='ltr'>versificatori,</span> <span class='ocrx_word' id='word_1_125' title='bbox 1995 2147 2192 2216; x_wconf 90' lang='lat' dir='ltr'>quem</span> <span class='ocrx_word' id='word_1_126' title='bbox 2223 2123 2481 2192; x_wconf 85' lang='lat' dir='ltr'>deridet</span> 
     </span>
     <span class='ocr_line' id='line_1_16' title="bbox 320 2225 2486 2325; baseline -0.001 -25"><span class='ocrx_word' id='word_1_127' title='bbox 320 2230 741 2300; x_wconf 85' lang='lat' dir='ltr'>Christianus</span> <span class='ocrx_word' id='word_1_128' title='bbox 781 2226 1047 2296; x_wconf 87' lang='lat' dir='ltr'>Stiefius</span> <span class='ocrx_word' id='word_1_129' title='bbox 1084 2229 1154 2294; x_wconf 90' lang='lat' dir='ltr'>in</span> <span class='ocrx_word' id='word_1_130' title='bbox 1192 2225 1532 2322; x_wconf 83' lang='lat' dir='ltr'>Epistola²</span> <span class='ocrx_word' id='word_1_131' title='bbox 1564 2225 1646 2295; x_wconf 88' lang='lat' dir='ltr'>de</span> <span class='ocrx_word' id='word_1_132' title='bbox 1678 2229 1862 2296; x_wconf 89' lang='lat' dir='ltr'>urnis</span> <span class='ocrx_word' id='word_1_133' title='bbox 1890 2229 1956 2296; x_wconf 91' lang='lat' dir='ltr'>in</span> <span class='ocrx_word' id='word_1_134' title='bbox 1997 2227 2226 2299; x_wconf 87' lang='lat' dir='ltr'>Silesia</span> <span class='ocrx_word' id='word_1_135' title='bbox 2262 2232 2486 2325; x_wconf 86' lang='lat' dir='ltr'>Ligni-</span> 
     </span>
     <span class='ocr_line' id='line_1_17' title="bbox 320 2333 2480 2430; baseline 0 -25"><span class='ocrx_word' id='word_1_136' title='bbox 320 2335 627 2405; x_wconf 84' lang='lat' dir='ltr'>censibus</span> <span class='ocrx_word' id='word_1_137' title='bbox 678 2349 745 2402; x_wconf 93' lang='lat' dir='ltr'>et</span> <span class='ocrx_word' id='word_1_138' title='bbox 793 2333 1584 2428; x_wconf 86' lang='lat' dir='ltr'>Pilgramsdorfiensibus.</span> <span class='ocrx_word' id='word_1_139' title='bbox 1644 2337 1936 2425; x_wconf 80' lang='lat' dir='ltr'>VersuS‚</span> <span class='ocrx_word' id='word_1_140' title='bbox 1994 2337 2046 2404; x_wconf 94' lang='lat' dir='ltr'>si</span> <span class='ocrx_word' id='word_1_141' title='bbox 2100 2339 2247 2430; x_wconf 90' lang='lat' dir='ltr'>quis</span> <span class='ocrx_word' id='word_1_142' title='bbox 2306 2338 2480 2406; x_wconf 88' lang='lat' dir='ltr'>forte</span> 
     </span>
     <span class='ocr_line' id='line_1_18' title="bbox 320 2442 1033 2538; baseline -0.004 -27"><span class='ocrx_word' id='word_1_143' title='bbox 320 2442 679 2524; x_wconf 86' lang='lat' dir='ltr'>desideret,</span> <span class='ocrx_word' id='word_1_144' title='bbox 720 2442 791 2510; x_wconf 92' lang='lat' dir='ltr'>hi</span> <span class='ocrx_word' id='word_1_145' title='bbox 832 2455 987 2538; x_wconf 82' lang='lat' dir='ltr'>sunt</span> <span class='ocrx_word' id='word_1_146' title='bbox 1018 2466 1033 2508; x_wconf 89' lang='lat'><strong>:</strong></span> 
     </span>
    </p>
   </div>
   <div class='ocr_carea' id='block_1_4' title="bbox 448 2605 2130 2978">
    <p class='ocr_par' dir='ltr' id='par_1_4' title="bbox 558 2605 2065 2669">
     <span class='ocr_line' id='line_1_19' title="bbox 558 2605 2065 2669; baseline 0 -5"><span class='ocrx_word' id='word_1_147' title='bbox 558 2609 669 2667; x_wconf 83' lang='lat' dir='ltr'>Est</span> <span class='ocrx_word' id='word_1_148' title='bbox 698 2605 868 2664; x_wconf 86' lang='lat' dir='ltr'>locus</span> <span class='ocrx_word' id='word_1_149' title='bbox 898 2606 1007 2664; x_wconf 86' lang='lat' dir='ltr'>iste</span> <span class='ocrx_word' id='word_1_150' title='bbox 1036 2607 1272 2663; x_wconf 78' lang='lat' dir='ltr'>Lubens</span> <span class='ocrx_word' id='word_1_151' title='bbox 1302 2607 1461 2662; x_wconf 80' lang='lat' dir='ltr'>Iulio</span> <span class='ocrx_word' id='word_1_152' title='bbox 1494 2605 1570 2669; x_wconf 85' lang='lat' dir='ltr'>de</span> <span class='ocrx_word' id='word_1_153' title='bbox 1597 2610 1822 2664; x_wconf 84' lang='lat' dir='ltr'>Caesare</span> <span class='ocrx_word' id='word_1_154' title='bbox 1851 2605 2065 2664; x_wconf 87' lang='lat' dir='ltr'>dictus.</span> 
     </span>
    </p>

    <p class='ocr_par' dir='ltr' id='par_1_5' title="bbox 448 2701 2130 2878">
     <span class='ocr_line' id='line_1_20' title="bbox 560 2701 2130 2782; baseline -0.001 -21"><span class='ocrx_word' id='word_1_155' title='bbox 560 2701 1025 2764; x_wconf 82' lang='lat' dir='ltr'>sclavonisando</span> <span class='ocrx_word' id='word_1_156' title='bbox 1060 2701 1313 2778; x_wconf 89' lang='lat' dir='ltr'>loquens</span> <span class='ocrx_word' id='word_1_157' title='bbox 1346 2702 1654 2760; x_wconf 85' lang='lat' dir='ltr'>consuevit</span> <span class='ocrx_word' id='word_1_158' title='bbox 1683 2702 1883 2759; x_wconf 87' lang='lat' dir='ltr'>dicere</span> <span class='ocrx_word' id='word_1_159' title='bbox 1915 2703 2130 2782; x_wconf 84' lang='lat' dir='ltr'>vulgus</span> 
     </span>
     <span class='ocr_line' id='line_1_21' title="bbox 448 2799 2094 2878; baseline -0.002 -19"><span class='ocrx_word' id='word_1_160' title='bbox 448 2810 453 2815; x_wconf 81' lang='grc'><strong>”</strong></span> <span class='ocrx_word' id='word_1_161' title='bbox 560 2803 799 2859; x_wconf 70' lang='lat' dir='ltr'>lubens</span> <span class='ocrx_word' id='word_1_162' title='bbox 828 2819 938 2878; x_wconf 89' lang='lat' dir='ltr'>pro</span> <span class='ocrx_word' id='word_1_163' title='bbox 969 2801 1194 2871; x_wconf 77' lang='lat' dir='ltr'>Julius,</span> <span class='ocrx_word' id='word_1_164' title='bbox 1228 2799 1333 2877; x_wconf 88' lang='lat' dir='ltr'>qui</span> <span class='ocrx_word' id='word_1_165' title='bbox 1366 2799 1592 2874; x_wconf 84' lang='lat' dir='ltr'>primus</span> <span class='ocrx_word' id='word_1_166' title='bbox 1625 2811 1812 2856; x_wconf 88' lang='lat' dir='ltr'>castra</span> <span class='ocrx_word' id='word_1_167' title='bbox 1841 2811 2094 2856; x_wconf 85' lang='lat' dir='ltr'>metatus</span> 
     </span>
    </p>

    <p class='ocr_par' dir='ltr' id='par_1_6' title="bbox 560 2889 1972 2978">
     <span class='ocr_line' id='line_1_22' title="bbox 560 2889 1972 2978; baseline -0.003 -21"><span class='ocrx_word' id='word_1_168' title='bbox 560 2899 775 2971; x_wconf 83' lang='lat' dir='ltr'>Isthic,</span> <span class='ocrx_word' id='word_1_169' title='bbox 808 2912 873 2956; x_wconf 86' lang='lat' dir='ltr'>et</span> <span class='ocrx_word' id='word_1_170' title='bbox 903 2899 1164 2978; x_wconf 86' lang='lat' dir='ltr'>populus</span> <span class='ocrx_word' id='word_1_171' title='bbox 1193 2889 1319 2978; x_wconf 74' lang='lat' dir='ltr'>ejus</span> <span class='ocrx_word' id='word_1_172' title='bbox 1344 2897 1611 2974; x_wconf 75' lang='lat' dir='ltr'>phan&#39;um</span> <span class='ocrx_word' id='word_1_173' title='bbox 1639 2909 1972 2956; x_wconf 85' lang='lat' dir='ltr'>veneratus.</span> 
     </span>
    </p>
   </div>
   <div class='ocr_carea' id='block_1_5' title="bbox 323 3068 2494 3806">
    <p class='ocr_par' dir='ltr' id='par_1_7' title="bbox 323 3068 2494 3806">
     <span class='ocr_line' id='line_1_23' title="bbox 323 3068 2486 3171; baseline -0 -26"><span class='ocrx_word' id='word_1_174' title='bbox 323 3077 865 3171; x_wconf 79' lang='lat' dir='ltr'>Epigrammata</span> <span class='ocrx_word' id='word_1_175' title='bbox 905 3071 1179 3164; x_wconf 89' lang='lat' dir='ltr'>insuper</span> <span class='ocrx_word' id='word_1_176' title='bbox 1221 3069 1387 3156; x_wconf 81' lang='lat' dir='ltr'>duc,</span> <span class='ocrx_word' id='word_1_177' title='bbox 1425 3068 1752 3163; x_wconf 83' lang='lat' dir='ltr'>elegantia</span> <span class='ocrx_word' id='word_1_178' title='bbox 1793 3094 1950 3138; x_wconf 90' lang='lat' dir='ltr'>sane</span> <span class='ocrx_word' id='word_1_179' title='bbox 1993 3069 2135 3157; x_wconf 86' lang='lat' dir='ltr'>illa,</span> <span class='ocrx_word' id='word_1_180' title='bbox 2173 3071 2286 3140; x_wconf 90' lang='lat' dir='ltr'>sed</span> <span class='ocrx_word' id='word_1_181' title='bbox 2319 3070 2486 3144; x_wconf 87' lang='lat' dir='ltr'>falso</span> 
     </span>
     <span class='ocr_line' id='line_1_24' title="bbox 328 3176 2491 3264; baseline 0 -16"><span class='ocrx_word' id='word_1_182' title='bbox 328 3181 407 3250; x_wconf 82' lang='lat' dir='ltr'>ad</span> <span class='ocrx_word' id='word_1_183' title='bbox 467 3183 802 3248; x_wconf 77' lang='lat' dir='ltr'>Caesarem</span> <span class='ocrx_word' id='word_1_184' title='bbox 850 3192 1193 3245; x_wconf 85' lang='lat' dir='ltr'>auctorem</span> <span class='ocrx_word' id='word_1_185' title='bbox 1251 3176 1497 3263; x_wconf 83' lang='lat' dir='ltr'>relata,</span> <span class='ocrx_word' id='word_1_186' title='bbox 1556 3191 1855 3264; x_wconf 86' lang='lat' dir='ltr'>exstant,</span> <span class='ocrx_word' id='word_1_187' title='bbox 1910 3179 2107 3246; x_wconf 88' lang='lat' dir='ltr'>etiam</span> <span class='ocrx_word' id='word_1_188' title='bbox 2147 3180 2217 3246; x_wconf 90' lang='lat' dir='ltr'>in</span> <span class='ocrx_word' id='word_1_189' title='bbox 2254 3181 2491 3249; x_wconf 86' lang='lat' dir='ltr'>Jacobi</span> 
     </span>
     <span class='ocr_line' id='line_1_25' title="bbox 328 3278 2486 3379; baseline -0 -23"><span class='ocrx_word' id='word_1_190' title='bbox 328 3289 661 3378; x_wconf 90' lang='lat' dir='ltr'>Hommey</span> <span class='ocrx_word' id='word_1_191' title='bbox 704 3283 1167 3379; x_wconf 88' lang='lat' dir='ltr'>supplemento</span> <span class='ocrx_word' id='word_1_192' title='bbox 1207 3286 1482 3353; x_wconf 86' lang='lat' dir='ltr'>Patrum</span> <span class='ocrx_word' id='word_1_193' title='bbox 1526 3310 1589 3377; x_wconf 90' lang='lat' dir='ltr'>p.</span> <span class='ocrx_word' id='word_1_194' title='bbox 1647 3278 1802 3379; x_wconf 70' lang='grc'>’549</span> <span class='ocrx_word' id='word_1_195' title='bbox 1849 3311 1942 3379; x_wconf 88' lang='lat' dir='ltr'>sq.</span> <span class='ocrx_word' id='word_1_196' title='bbox 1996 3285 2110 3378; x_wconf 89' lang='lat' dir='ltr'>qui</span> <span class='ocrx_word' id='word_1_197' title='bbox 2153 3309 2231 3354; x_wconf 91' lang='lat' dir='ltr'>ea</span> <span class='ocrx_word' id='word_1_198' title='bbox 2292 3289 2486 3372; x_wconf 82' lang='lat' dir='ltr'>Mar-</span> 
     </span>
     <span class='ocr_line' id='line_1_26' title="bbox 330 3390 2488 3485; baseline -0 -22"><span class='ocrx_word' id='word_1_199' title='bbox 330 3393 544 3464; x_wconf 89' lang='lat' dir='ltr'>bodeo</span> <span class='ocrx_word' id='word_1_200' title='bbox 583 3392 964 3484; x_wconf 81' lang='lat' dir='ltr'>Redonensi</span> <span class='ocrx_word' id='word_1_201' title='bbox 1000 3392 1339 3485; x_wconf 87' lang='lat' dir='ltr'>Episcopo</span> <span class='ocrx_word' id='word_1_202' title='bbox 1379 3390 1644 3476; x_wconf 85' lang='lat' dir='ltr'>tribuit,</span> <span class='ocrx_word' id='word_1_203' title='bbox 1683 3415 1922 3484; x_wconf 90' lang='lat' dir='ltr'>parum</span> <span class='ocrx_word' id='word_1_204' title='bbox 1953 3392 2290 3462; x_wconf 82' lang='lat' dir='ltr'>verisimili</span> <span class='ocrx_word' id='word_1_205' title='bbox 2327 3419 2488 3462; x_wconf 86' lang='lat' dir='ltr'>con·</span> 
     </span>
     <span class='ocr_line' id='line_1_27' title="bbox 325 3485 2486 3593; baseline -0.001 -23"><span class='ocrx_word' id='word_1_206' title='bbox 325 3501 613 3593; x_wconf 80' lang='lat' dir='ltr'>jectura3</span> <span class='ocrx_word' id='word_1_207' title='bbox 628 3496 789 3567; x_wconf 89' lang='lat' dir='ltr'>illud</span> <span class='ocrx_word' id='word_1_208' title='bbox 804 3511 984 3567; x_wconf 87' lang='lat' dir='ltr'>certe</span> <span class='ocrx_word' id='word_1_209' title='bbox 1004 3496 1183 3592; x_wconf 89' lang='lat' dir='ltr'>quod</span> <span class='ocrx_word' id='word_1_210' title='bbox 1198 3499 1429 3592; x_wconf 88' lang='lat' dir='ltr'>incipit</span> <span class='ocrx_word' id='word_1_211' title='bbox 1444 3551 1463 3583; x_wconf 87' lang='lat'>‚</span> <span class='ocrx_word' id='word_1_212' title='bbox 1488 3497 1729 3566; x_wconf 72' lang='lat' dir='ltr'>Thrax</span> <span class='ocrx_word' id='word_1_213' title='bbox 1739 3522 1922 3592; x_wconf 75' lang='lat' dir='ltr'>puer·</span> <span class='ocrx_word' id='word_1_214' title='bbox 1933 3499 2264 3568; x_wconf 81' lang='lat' dir='ltr'>adstricto</span> <span class='ocrx_word' id='word_1_215' title='bbox 2277 3485 2326 3586; x_wconf 75' lang='lat'>³,</span> <span class='ocrx_word' id='word_1_216' title='bbox 2361 3515 2486 3568; x_wconf 87' lang='lat' dir='ltr'>etc.</span> 
     </span>
     <span class='ocr_line' id='line_1_28' title="bbox 331 3603 2494 3676; baseline 0.001 -2"><span class='ocrx_word' id='word_1_217' title='bbox 331 3608 573 3676; x_wconf 89' lang='lat' dir='ltr'>rectius</span> <span class='ocrx_word' id='word_1_218' title='bbox 595 3605 881 3674; x_wconf 86' lang='lat' dir='ltr'>refertur</span> <span class='ocrx_word' id='word_1_219' title='bbox 900 3603 983 3672; x_wconf 91' lang='lat' dir='ltr'>ad</span> <span class='ocrx_word' id='word_1_220' title='bbox 1000 3607 1331 3674; x_wconf 82' lang='lat' dir='ltr'>Caesarem</span> <span class='ocrx_word' id='word_1_221' title='bbox 1357 3607 1855 3673; x_wconf 85' lang='lat' dir='ltr'>Germanicum.</span> <span class='ocrx_word' id='word_1_222' title='bbox 1879 3605 2054 3674; x_wconf 83' lang='lat' dir='ltr'>Vide</span> <span class='ocrx_word' id='word_1_223' title='bbox 2071 3608 2108 3672; x_wconf 90' lang='lat' dir='ltr'>J</span> <span class='ocrx_word' id='word_1_224' title='bbox 2113 3631 2172 3674; x_wconf 95' lang='lat' dir='ltr'>o.</span> <span class='ocrx_word' id='word_1_225' title='bbox 2196 3605 2494 3676; x_wconf 87' lang='lat' dir='ltr'>Conradi</span> 
     </span>
     <span class='ocr_line' id='line_1_29' title="bbox 330 3697 2492 3806; baseline -0.002 -21"><span class='ocrx_word' id='word_1_226' title='bbox 330 3697 715 3784; x_wconf 80' lang='lat' dir='ltr'>Schwartzii</span> <span class='ocrx_word' id='word_1_227' title='bbox 753 3713 1229 3782; x_wconf 88' lang='lat' dir='ltr'>Germanicum</span> <span class='ocrx_word' id='word_1_228' title='bbox 1268 3709 1331 3806; x_wconf 72' lang='lat' dir='ltr'>p&#39;.</span> <span class='ocrx_word' id='word_1_229' title='bbox 1384 3735 1409 3780; x_wconf 92' lang='lat'><strong>1</strong></span> <span class='ocrx_word' id='word_1_230' title='bbox 1432 3707 1552 3781; x_wconf 82' lang='lat'>53.</span> <span class='ocrx_word' id='word_1_231' title='bbox 1590 3710 1905 3780; x_wconf 86' lang='lat' dir='ltr'>Similiter</span> <span class='ocrx_word' id='word_1_232' title='bbox 1943 3715 2310 3780; x_wconf 82' lang='lat' dir='ltr'>Decretum</span> <span class='ocrx_word' id='word_1_233' title='bbox 2355 3715 2492 3781; x_wconf 86' lang='lat' dir='ltr'>sive</span> 
     </span>
    </p>
   </div>
   <div class='ocr_carea' id='block_1_6' title="bbox 335 3902 2570 4217">
    <p class='ocr_par' dir='ltr' id='par_1_8' title="bbox 335 3902 2570 4217">
     <span class='ocr_line' id='line_1_30' title="bbox 419 3902 2570 3976; baseline 0 -18"><span class='ocrx_word' id='word_1_234' title='bbox 419 3923 464 3958; x_wconf 88' lang='lat'>1.</span> <span class='ocrx_word' id='word_1_235' title='bbox 496 3907 606 3958; x_wconf 82' lang='lat' dir='ltr'>Ista</span> <span class='ocrx_word' id='word_1_236' title='bbox 625 3902 921 3976; x_wconf 83' lang='lat' dir='ltr'>diplomata</span> <span class='ocrx_word' id='word_1_237' title='bbox 941 3905 1111 3958; x_wconf 87' lang='lat' dir='ltr'>lector</span> <span class='ocrx_word' id='word_1_238' title='bbox 1140 3903 1374 3974; x_wconf 83' lang='lat' dir='ltr'>reperiet</span> <span class='ocrx_word' id='word_1_239' title='bbox 1553 3923 1602 3956; x_wconf 65' lang='grc' dir='ltr'>τι.</span> <span class='ocrx_word' id='word_1_240' title='bbox 1655 3904 1736 3956; x_wconf 89' lang='lat' dir='ltr'>De</span> <span class='ocrx_word' id='word_1_241' title='bbox 1786 3902 1956 3955; x_wconf 84' lang='lat' dir='ltr'>Stiefii</span> <span class='ocrx_word' id='word_1_242' title='bbox 1999 3903 2237 3974; x_wconf 85' lang='lat' dir='ltr'>Epistola</span> <span class='ocrx_word' id='word_1_243' title='bbox 2277 3905 2493 3958; x_wconf 82' lang='lat' dir='ltr'>consule</span> <span class='ocrx_word' id='word_1_244' title='bbox 2537 3936 2570 3950; x_wconf 54' lang='lat' dir='ltr'>x</span> 
     </span>
     <span class='ocr_line' id='line_1_31' title="bbox 336 3981 2304 4056; baseline 0.001 -20"><span class='ocrx_word' id='word_1_245' title='bbox 336 3985 391 4037; x_wconf 87' lang='lat' dir='ltr'>in</span> <span class='ocrx_word' id='word_1_246' title='bbox 406 3986 565 4039; x_wconf 81' lang='lat' dir='ltr'>Joan.</span> <span class='ocrx_word' id='word_1_247' title='bbox 588 3985 875 4038; x_wconf 80' lang='lat' dir='ltr'>Christiani</span> <span class='ocrx_word' id='word_1_248' title='bbox 900 3985 1117 4056; x_wconf 85' lang='lat' dir='ltr'>Lunigii</span> <span class='ocrx_word' id='word_1_249' title='bbox 1140 3984 1375 4036; x_wconf 80' lang='lat' dir='ltr'>Archivo</span> <span class='ocrx_word' id='word_1_250' title='bbox 1464 3983 1596 4035; x_wconf 77' lang='lat' dir='ltr'>Acta</span> <span class='ocrx_word' id='word_1_251' title='bbox 1617 3981 1786 4036; x_wconf 89' lang='lat' dir='ltr'>Erud.</span> <span class='ocrx_word' id='word_1_252' title='bbox 1811 4002 1857 4035; x_wconf 84' lang='lat' dir='ltr'>a.</span> <span class='ocrx_word' id='word_1_253' title='bbox 1894 3990 2032 4053; x_wconf 76' lang='lat'>1704</span> <span class='ocrx_word' id='word_1_254' title='bbox 2048 4022 2064 4048; x_wconf 93' lang='lat'><strong>,</strong></span> <span class='ocrx_word' id='word_1_255' title='bbox 2089 4003 2141 4054; x_wconf 87' lang='lat' dir='ltr'>p.</span> <span class='ocrx_word' id='word_1_256' title='bbox 2175 3985 2304 4038; x_wconf 77' lang='lat'>2²3.</span> 
     </span>
     <span class='ocr_line' id='line_1_32' title="bbox 335 4061 2495 4138; baseline 0.002 -22"><span class='ocrx_word' id='word_1_257' title='bbox 335 4065 592 4136; x_wconf 83' lang='lat' dir='ltr'>Imperii,</span> <span class='ocrx_word' id='word_1_258' title='bbox 617 4065 783 4134; x_wconf 77' lang='lat' dir='ltr'>partis</span> <span class='ocrx_word' id='word_1_259' title='bbox 810 4067 1049 4137; x_wconf 81' lang='lat' dir='ltr'>specialis</span> <span class='ocrx_word' id='word_1_260' title='bbox 1082 4064 1287 4120; x_wconf 79' lang='lat' dir='ltr'>contin.</span> <span class='ocrx_word' id='word_1_261' title='bbox 1326 4081 1371 4116; x_wconf 86' lang='lat'>1.</span> <span class='ocrx_word' id='word_1_262' title='bbox 1551 4063 1602 4115; x_wconf 80' lang='lat'>3.</span> <span class='ocrx_word' id='word_1_263' title='bbox 1630 4061 1791 4114; x_wconf 81' lang='lat' dir='ltr'>Vide·</span> <span class='ocrx_word' id='word_1_264' title='bbox 1816 4082 1976 4134; x_wconf 86' lang='lat' dir='ltr'>supra</span> <span class='ocrx_word' id='word_1_265' title='bbox 2020 4064 2124 4116; x_wconf 88' lang='lat' dir='ltr'>hoc</span> <span class='ocrx_word' id='word_1_266' title='bbox 2173 4065 2495 4138; x_wconf 71' lang='lat' dir='ltr'>epigramma</span> 
     </span>
     <span class='ocr_line' id='line_1_33' title="bbox 339 4141 2176 4217; baseline 0.001 -21"><span class='ocrx_word' id='word_1_267' title='bbox 339 4145 482 4216; x_wconf 82' lang='lat' dir='ltr'>Lips.</span> <span class='ocrx_word' id='word_1_268' title='bbox 518 4163 677 4214; x_wconf 84' lang='lat'>1711.</span> <span class='ocrx_word' id='word_1_269' title='bbox 712 4145 806 4204; x_wconf 68' lang='lat' dir='ltr'>fol.</span> <span class='ocrx_word' id='word_1_270' title='bbox 1462 4141 1608 4213; x_wconf 83' lang='lat' dir='ltr'>quod</span> <span class='ocrx_word' id='word_1_271' title='bbox 1641 4143 1950 4206; x_wconf 61' lang='lat' dir='ltr'>retulimus»,</span> <span class='ocrx_word' id='word_1_272' title='bbox 1984 4163 2038 4217; x_wconf 89' lang='lat' dir='ltr'>p.</span> <span class='ocrx_word' id='word_1_273' title='bbox 2085 4145 2176 4198; x_wconf 75' lang='lat'>28.</span> 
     </span>
    </p>
   </div>
   <div class='ocr_carea' id='block_1_7' title="bbox 2047 4250 2225 4350">
    <p class='ocr_par' dir='ltr' id='par_1_9' title="bbox 2047 4250 2225 4350">
     <span class='ocr_line' id='line_1_34' title="bbox 2047 4250 2225 4350; baseline -0.006 -27"><span class='ocrx_word' id='word_1_274' title='bbox 2047 4250 2225 4350; x_wconf 22' lang='lat'>10²·</span> 
     </span>
    </p>
   </div>
  </div>
 </body>
</html>
