3017 5042
636 454 788 555 436
1324 466 2037 533 DissERTATIO

631 600 893 671 Deinde
936 600 1003 667 id
1055 600 1173 667 tibi
1232 575 1421 667 notes
1464 596 1695 685 velim,
1731 622 2082 666 romanum
2129 598 2365 667 (lucem
2411 585 2773 695 scripsisse,

633 723 709 782 ut
734 710 1205 802 imperatorem
1234 706 1544 791 decebat,
1563 706 1674 798 qui
1703 703 1865 773 nihil
1891 706 2063 773 inter
2091 706 2335 775 damna
2370 726 2773 797 recenseret,

630 816 754 883 nisi
802 814 1097 883 hostium
1144 814 1315 880 vires
1374 810 1854 904 facultatesque
1901 812 2248 882 minueret.
2306 814 2775 906 Dijudicantur

630 920 810 1040 apud
840 923 1169 989 Caesarem
1204 934 1271 985 et
1311 918 1666 986 commoda
1705 931 1770 984 et
1806 917 2251 1004 incommoda,
2295 936 2498 1012 prout
2529 920 2614 991 de
2652 925 2773 989 vic-

623 1029 831 1111 toria,
866 1041 980 1094 aut
1026 1024 1212 1094 clade
1246 1024 1631 1094 decernunt.

734 1133 833 1203 Cl.
880 1134 1193 1201 Dulaure
1220 1130 1656 1199 hibernorum
1690 1154 1728 1197 a
1767 1135 2027 1202 Caesare
2064 1132 2135 1199 in
2171 1090 2424 1226 oppido
2465 1134 2771 1205 Bibracta

626 1255 692 1309 et
728 1240 1009 1309 Genabo
1048 1251 1471 1332 peractorum
1515 1234 1764 1305 nullam
1803 1239 2007 1309 habet
2037 1239 2406 1307 rationem:
2448 1268 2482 1303 «
2502 1241 2769 1309 Hiema-

630 1379 665 1413 «
718 1348 888 1414 verit
924 1345 1012 1413 ibi
1034 1368 1159 1413 nec
1182 1368 1299 1430 ne,
1326 1369 1462 1412 non
1492 1342 1712 1411 refert.
1737 1346 1960 1414 Patuit
1989 1358 2168 1413 certe
2199 1342 2290 1412 illi
2319 1344 2770 1416 deambulatio

630 1485 661 1517 «
716 1475 1117 1546 quocunque
1147 1476 1378 1519 versus
1412 1448 1722 1543 voluptas
1756 1452 2077 1536 traheret,
2107 1447 2372 1519 ‚nullum
2411 1452 2591 1519 enim
2631 1452 2768 1521 aedi-

629 1590 661 1623 a
716 1558 941 1633 ficium
969 1558 1293 1627 obstabat.
1324 1554 1365 1621 ιι
1390 1556 1764 1626 Credideris
1785 1557 2243 1625 adversarium
2271 1572 2576 1627 nostrum
2613 1584 2767 1627 nun·

618 1689 821 1760 quam
884 1664 1117 1758 legisse
1190 1662 1343 1733 libri
1404 1664 1666 1757 septimi
1735 1663 2230 1757 paragraphum
2295 1667 2388 1747 [⁸2
2425 1715 2444 1746 ‚
2506 1664 2624 1733 ubi
2686 1666 2762 1752 de

616 1773 864 1840 Aristio
900 1774 1025 1839 iter
1056 1770 1140 1837 ad
1181 1768 1509 1862 legionem
1551 1768 1834 1838 faciente
1878 1783 2228 1857 narratur,
2257 1768 2590 1866 simulque
2631 1798 2758 1841 me·

613 1892 964 1947 morantur
997 1878 1318 1958 Romani,
1348 1877 1463 1969 qui
1492 1875 2145 1968 negotiandi-causa
2181 1874 2512 1945 Cabilloni
2543 1894 2756 1966 erant,

612 2000 679 2053 et
704 1985 935 2055 eadem
964 1982 1047 2052 de
1079 2005 1277 2051 causa
1312 1980 1591 2049 aderant
1618 2005 1884 2075 quoque
1927 1980 2206 2050 Genabi.
2242 1984 2424 2051 Num
2451 1985 2754 2077 opinatus

610 2108 709 2161 est
745 2092 917 2161 forte
946 2091 1287 2157 Romanos
1321 2089 1492 2155 inter
1529 2111 1598 2155 se
1631 2088 1916 2157 invicem
1949 2088 2223 2175 emisse,
2248 2103 2316 2157 et
2335 2113 2567 2159 rursus
2593 2116 2750 2159 ven—

608 2198 881 2281 didisse,
914 2199 1025 2289 qui
1043 2196 1361 2263 continuo
1386 2192 1697 2261 adfirmet
1719 2191 2144 2261 Cabillonum
2177 2208 2246 2261 et
2269 2196 2628 2263 Genabum
2657 2222 2753 2265 va-

610 2328 735 2374 cua
757 2300 1137 2372 fuisse?sed
1160 2300 1497 2393 quaeritur,
1516 2324 1649 2393 quo
1663 2298 1935 2367 tandem
1960 2300 2160 2369 modo
2173 2303 2506 2373 Carnutes
2525 2301 2747 2377 furtim

608 2412 885 2503 ingressi
920 2409 1099 2488 sint,
1158 2407 1210 2473 si
1252 2428 1483 2473 eorum
1534 2404 1754 2473 nullus
1798 2407 1974 2475 intus
2020 2406 2411 2490 habitasset,
2461 2409 2514 2475 si
2558 2434 2747 2483 nemo

607 2542 871 2602 eorum,
915 2538 1130 2607 neque
1174 2514 1520 2606 quisquam
1563 2513 1682 2579 nisi
1727 2511 2072 2579 Romanus
2115 2527 2360 2605 praesto
2401 2512 2635 2584 fuisset
2668 2517 2746 2583 ad

606 2626 869 2718 signum
930 2618 1224 2688 dandum
1270 2643 1284 2684 :
1338 2621 1670 2687 Carnutes
1728 2620 1943 2703 enim,
2000 2632 2073 2689 ut
2121 2619 2213 2686 ait
2267 2622 2490 2689 Caesar
2515 2674 2536 2707 ,
2581 2622 2742 2691 dato

605 2758 641 2799 s
673 2755 803 2799 σηο
819 2782 839 2814 ,
902 2725 1258 2796 Genabum
1316 2740 1765 2809 concurrunt,
1819 2739 1884 2792 et
1936 2724 2262 2817 interpres
2318 2747 2576 2818 graecus
2627 2728 2740 2795 ἀπὸ

605 2837 991 2930 συγκειμένου
1022 2828 1211 2917 (Lib.
1251 2832 1423 2916 VII,
1454 2827 1503 2915 S
1546 2822 1651 2911 3)

709 2946 863 3011 Νοιι
900 2937 1153 3007 felicius
1195 2937 1391 3030 elegit
1433 2936 1534 3005 Cl.
1582 2939 1896 3005 Dulaure
1941 2936 2317 3032 exemplum
2363 2896 2446 3007 de
2491 2944 2737 3035 Epere-

604 3051 833 3142 dorige
873 3044 1349 3118 Noviodunum
1384 3045 1687 3138 capiente
1711 3036 1737 3132 (
1761 3044 1908 3112 Lib.
1959 3046 2131 3131 VII,
2173 3040 2222 3129 S
2252 3042 2345 3116 55
2377 3043 2422 3133 ).

711 3154 986 3247 Sequuti
1022 3174 1250 3221 sumus
1295 3148 1395 3217 Cl.
1433 3152 1749 3218 Dulaure
1787 3149 1870 3217 de
1915 3152 2196 3245 vestigio
2235 3151 2371 3221 fere
2415 3153 2500 3221 ad
2551 3158 2735 3223 vesti-

601 3266 810 3359 gium,
837 3275 902 3329 et
922 3258 1062 3351 jam
1086 3259 1241 3325 satis
1262 3254 1548 3342 Galliam
1570 3258 2103 3351 peragravimus:
2131 3282 2309 3327 nunc
2323 3276 2649 3353 superest,
2670 3276 2736 3329 ut

600 3374 668 3439 in
712 3363 1118 3461 explicandis
1148 3364 1431 3431 Caesaris
1466 3362 1862 3455 quibusdam
1900 3360 2098 3449 lociS,
2126 3361 2310 3432 illum
2343 3364 2731 3435 refellamus.

708 3474 914 3544 Libro
940 3473 1038 3538 VI
1059 3522 1077 3555 ,
1108 3464 1159 3554 S
1212 3492 1239 3537 1
1258 3494 1297 3537 2
1322 3474 1351 3555 ,’
1372 3469 1465 3535 ait
1492 3471 1717 3537 Caesar
1743 3494 1762 3535 ι
1803 3498 1838 3533 «
1866 3470 1948 3537 In
1981 3468 2222 3557 Gallia,
2252 3496 2388 3540 non
2419 3471 2636 3541 solum
2672 3476 2732 3541 in

599 3581 909 3652 omnibus
960 3575 1337 3645 civitatibus
1401 3587 1598 3667 atque
1648 3576 1834 3669 pagis
1887 3575 2350 3670 partibusque,
2393 3579 2510 3647 sed
2553 3604 2732 3674 paene

597 3691 795 3759 etiam
833 3688 901 3755 in
937 3680 1209 3776 singulis
1248 3679 1554 3750 domibus
1589 3681 1909 3751 factiones
1951 3696 2126 3749 sunt.
2162 3698 2196 3733 ³>

704 3790 880 3863 Audi
906 3814 1121 3875 nunc,
1138 3789 1348 3857 amice
1369 3784 1602 3874 lector,
1625 3786 1784 3881 quid
1813 3812 1896 3855 ex
1911 3786 2018 3855 his
2035 3786 2236 3859 faciat
2260 3788 2362 3859 Cl.
2389 3793 2728 3863 Dulaure:

611 3932 643 3965 t(
679 3906 831 3971 Par·
855 3899 919 3965 le
940 3900 1277 3965 territare
1292 3893 1379 3962 de
1399 3893 1667 3987 chaque
1681 3899 1926 3963 nation
1944 3893 2032 3963 de
2049 3895 2124 3963 la
2157 3898 2382 3965 Gaule
2404 3890 2729 3985 (civitas),

590 4029 734 4103 pat·
769 4008 866 4075 les
900 4002 1122 4071 divers
1154 4016 1448 4069 cantores
1476 4000 1646 4068 dont
1681 4000 1950 4095 chaque
1983 4005 2318 4071 territoire
2345 3994 2528 4073 έιαίι
2547 4028 2725 4073 com-

580 4105 763 4210 posei
808 4101 1069 4205 (pagi),
1102 4132 1249 4203 par
1288 4108 1386 4177 les
1412 4112 1690 4203 parties
1725 4106 1812 4177 de
1844 4107 2110 4181 chacun
2150 4108 2238 4177 de
2277 4133 2390 4177 ces
2438 4127 2724 4181 caluom
