3017 5042
443 520 448 525 ,
549 468 588 511 2
1129 441 1206 509 C.
1265 441 1563 508 JULII
1619 441 2102 512 CAESARIS

543 597 774 644 rursus
819 570 1064 641 bellum
1112 571 1437 641 inferrent
1473 597 1488 640 τ
1537 571 1702 641 nihil
1748 575 1926 642 enim
1966 572 2145 644 malo
2167 629 2188 664 ‚
2230 599 2431 670 quam
2475 593 2543 646 et
2586 603 2695 648 me

542 683 674 750 mei
707 679 987 752 similem
1033 704 1174 749 esse
1195 734 1214 768 ,
1254 694 1324 749 et
1370 676 1517 748 illos
1562 681 1683 751 sui.
1729 683 1835 750 Tu
1876 680 2076 749 velim
2116 682 2281 752 mihi
2326 683 2412 752 ad
2454 684 2695 756 urbem

542 793 785 884 praesto
811 791 951 877 sis,
987 801 1065 856 ut
1099 787 1228 856 tuis
1264 785 1555 861 consiliis
1589 788 2105 883 atque·opibus,
2132 803 2208 858 ut
2243 792 2595 882 consuevi,
2622 794 2695 862 in

544 896 857 966 omnibus
901 894 1100 964 rebus
1145 907 1317 962 utar.
1361 892 1711 963 Dolabella
1755 909 1872 964 tuo
1917 895 2081 964 nihil
2130 898 2297 966 scito
2339 897 2507 966 mihi
2548 923 2692 969 esse

535 988 912 1098 jucundius.
971 1005 1164 1070 Hanc
1222 999 1388 1070 adeo
1447 1001 1668 1070 habeo
1730 1003 2013 1096 gratiam
2064 1001 2200 1091 illi;
2246 1028 2462 1098 neque
2509 1006 2690 1076 enim

538 1108 729 1179 aliter
773 1109 990 1178 facere
1035 1108 1281 1204 poterit
1312 1134 1327 1176 :
1373 1122 1560 1177 tanta
1602 1109 1743 1202 ejus
1780 1109 2194 1198 humanitas,
2218 1111 2273 1179 is
2313 1135 2578 1200 sensus,
2610 1131 2693 1182 ea

535 1218 605 1285 in
654 1241 762 1285 me
803 1230 904 1285 est
943 1213 1424 1284 benevolentia.
1469 1217 1597 1284 Ex
1636 1217 1770 1286 Cic.
1804 1215 1921 1292 lib.
1963 1219 2107 1302 IX,
2154 1217 2260 1286 ad
2286 1219 2506 1288 Attia
2547 1222 2686 1315 Ep.

549 1347 575 1392 1
592 1321 660 1393 6.
720 1327 1081 1420 Reperitur
1139 1327 1348 1392 etiam
1409 1322 1611 1417 apud
1661 1323 1915 1393 Iulium
1984 1323 2253 1394 Ceme
2270 1377 2295 1412 ,
2367 1325 2691 1397 editz'omis·

534 1445 793 1500 nostroe
819 1431 957 1500 vol.
984 1433 1140 1516 ΙΙΙ,
1169 1453 1252 1525 p.
1296 1428 1460 1500 182.

965 1608 1206 1679 Caesar
1244 1609 1427 1701 Imp.
1477 1608 1797 1677 Ciceroni
1831 1609 2007 1703 Imp.
2054 1609 2125 1678 S.
2164 1610 2255 1678 D.

594 1800 601 1810 “
636 1784 782 1852 Etsi
817 1797 884 1851 te
922 1780 1085 1850 nihil
1129 1795 1416 1869 temere,
1452 1779 1617 1849 nihil
1648 1781 2105 1876 imprudenter
2141 1783 2473 1854 facturum
2501 1785 2681 1880 judi-

530 1915 796 1978 caram;
834 1903 1060 1958 tamen
1100 1902 1444 1984 permotus
1481 1888 1831 1956 hominum
1874 1888 2084 1977 fama,
2129 1891 2555 1962 scribendum
2596 1896 2682 1965 ad

527 2012 593 2067 te
643 1996 1046 2084 existimavi,
1091 2010 1158 2064 et
1197 2021 1326 2098 pro
1368 2009 1599 2063 nostra
1638 1994 2099 2064 benevolentia
2152 1998 2551 2092 petendum,
2593 2027 2680 2074 ne

527 2130 662 2200 quo
692 2103 1222 2201 progredereriS,
1252 2101 1624 2196 proclinata
1654 2100 1793 2196 jam
1827 2128 1934 2191 re,
1961 2129 2130 2198 quo,
2160 2107 2417 2201 integra
2444 2109 2679 2196 etiam,

527 2209 1106 2330 progrediendum·
1129 2208 1248 2277 tibi
1294 2232 1430 2278 non
1473 2210 1932 2280 existimasses.
1980 2211 2290 2330 Namque
2336 2227 2402 2282 et
2443 2216 2677 2284 amici-

518 2311 631 2387 'tiae
669 2317 1045 2414 graviorem
1088 2315 1397 2408 injuriam
1448 2315 1733 2404 feceris3
1772 2331 1839 2386 et
1890 2311 2010 2386 tibi
2057 2319 2275 2388 minus
2326 2322 2678 2396 commode

525 2419 977 2512 consulueris,
1029 2423 1086 2491 si
1123 2447 1262 2492 non
1315 2423 1601 2491 fortunae
1659 2407 2013 2494 obsecutus
2058 2425 2409 2530 videbere3
2454 2431 2682 2500 omnia

523 2529 702 2601 enim
748 2529 1220 2600 secundissima
1268 2529 1494 2617 nobis,
1535 2529 1663 2598 adv
1666 2531 1995 2606 ersissima
2041 2511 2165 2600 illis
2216 2533 2527 2604 accidisse
2566 2537 2679 2603 vi-

523 2630 769 2746 dentur
813 2664 828 2706 ε
876 2661 1001 2707 nec
1063 2660 1331 2720 causam
1388 2651 1655 2706 secutus
1715 2627 2000 2724 (eadem
2058 2639 2234 2709 enim
2296 2655 2440 2709 tum
2508 2641 2679 2732 fuit,

521 2735 730 2840 quum
773 2745 857 2814 ab
893 2768 1127 2814 eorum
1161 2737 1447 2812 consiliis
1479 2744 1710 2814 abesse
1731 2733 2125 2849 judicasti),
2154 2746 2271 2815 sed
2304 2773 2529 2816 meum
2560 2748 2679 2819 ali-

523 2852 706 2946 quod
759 2852 1009 2921 factum
1065 2849 1613 2920 condemnavisse
1657 2876 1672 2919 :
1719 2877 1853 2947 quo
1914 2853 2081 2950 mihi
2133 2855 2401 2948 gravius
2446 2855 2565 2925 abs
2610 2871 2678 2926 te

523 2956 688 3027 nihil
740 2958 1040 3027 accidere
1093 2970 1332 3052 potest.
1379 2954 1585 3046 Quod
1633 2982 1718 3026 ne
1774 2958 1976 3028 facias
1996 3010 2015 3044 ,
2060 2984 2188 3056 pro
2230 2960 2383 3055 jure
2433 2977 2678 3034 nostroe
2759 2974 2765 2982 '

523 3065 826 3134 amicitiae
871 3089 910 3133 a
949 3079 1015 3133 te
1051 3077 1228 3158 peto.
1265 3063 1617 3133 Postremo
1635 3117 1656 3149 ‚
1699 3064 1859 3160 quid
1894 3067 2041 3135 viro
2079 3061 2258 3137 b'ono
2303 3082 2371 3136 et
2411 3070 2675 3164 quieto,

522 3185 589 3240 et
637 3171 819 3240 bono
873 3172 1002 3239 civi
1055 3171 1269 3267 magis
1335 3172 1650 3239 convenit
1680 3225 1700 3258 ‚
1748 3195 1950 3267 quam
1991 3172 2237 3271 ‘abesse
2288 3199 2327 3242 a
2372 3174 2676 3246 civilibus

520 3275 1050 3348 controversiis?
1086 3276 1269 3372 quod
1325 3275 1631 3345 nonnulli
1682 3303 1890 3373 quum
1943 3279 2307 3374 probarent
2326 3333 2346 3369 ‚
2391 3281 2673 3375 periculi

520 3408 718 3484 causa
775 3385 960 3480 sequi
1013 3409 1150 3452 non
1201 3397 1583 3478 potuerunt.
1630 3387 1769 3473 Tu,
1806 3384 2150 3481 explorato
2195 3402 2263 3456 et
2309 3388 2463 3456 vitae
2506 3413 2675 3458 meae
2758 3447 2779 3470 .

517 3493 937 3580 testimoni0‚
983 3504 1050 3559 et
1094 3492 1398 3559 amicitiae
1432 3489 1723 3584 judicio,
1762 3516 1979 3587 neque
2015 3495 2221 3562 tutius
2240 3519 2509 3590 ‚neque
2549 3495 2673 3565 ho-

517 3600 766 3668 nestius
819 3599 1109 3693 reperies
1165 3597 1571 3717 quidquam,
1616 3621 1817 3692 quam
1871 3599 1956 3668 ab
2010 3601 2193 3669 omni
2246 3603 2671 3672 contentione

515 3706 764 3775 abesse.
809 3699 982 3774 XVI
1025 3704 1174 3774 Kal.
1222 3705 1372 3772 mai.
1431 3729 1515 3774 ex
1569 3706 1822 3772 itinere.
1878 3709 2005 3777 Ex
2060 3709 2194 3779 Cic.
2247 3708 2359 3779 lc‘b.
2408 3713 2523 3796 X,
2575 3709 2682 3780 ad

511 3815 728 3882 Attio.
764 3815 901 3910 Ep.
951 3812 1016 3882 8.

619 3919 716 3987 M.
762 3916 1068 3988 Orfium¹
1075 3971 1095 4006 ,
1129 3942 1329 4012 quem
1372 3917 1537 3985 mihi
1573 3918 2051 4009 commendas,
2090 3909 2197 3988 vel
2240 3945 2468 4016 regem
2507 3920 2668 3992 Gal-

595 4140 645 4174 1.
679 4120 758 4175 M.
807 4119 1012 4190 Orfium.
1053 4119 1160 4171 Alii
1202 4119 1304 4189 leg.
1336 4118 1537 4186 Ruficm.
1570 4115 1887 4186 Goduinus,
1915 4119 1993 4172 M.
2019 4118 2261 4172 Furium.
