3017 5042
523 425 659 512 34·
1114 427 1190 494 C.
1246 425 1533 494 JULII
1588 425 2058 495 CAESARIS

519 563 686 647 ceri,
731 562 813 630 δι’
858 573 1088 628 tamen
1111 583 1252 654 per
1287 561 1612 629 Pontium
1650 558 1987 651 Aquilam
2030 559 2327 628 liczoemh
2363 563 2546 631 Suet.
2592 568 2666 632 iu

523 672 694 748 Caes.
737 690 891 761 cap.
939 666 1056 761 78.
2370 687 2387 700 ·

626 772 811 842 Plebi
840 798 1066 867 regem
1096 797 1165 840 se
1199 769 1551 858 salutanti,
1570 771 1899 838 Caesarem
1932 795 2001 840 se
2018 824 2037 858 ,
2062 795 2199 839 uon
2232 796 2459 867 regem
2488 799 2663 863 esse,

517 879 877 974 respondit.
913 883 1100 950 Suet.
1143 883 1218 948 in
1265 879 1436 949 Coes.
1487 899 1643 971 cap.
1697 899 1815 972 79.
2483 879 2487 883 ’

623 989 729 1055 De
761 1011 894 1081 quo
924 1008 1166 1080 genere
1186 1036 1206 1072 ‚
1247 983 1336 1052 de
1373 985 1699 1070 lectione,
1735 983 1987 1078 optime
2008 984 2086 1052 C.
2120 986 2451 1055 Caesarem
2492 1007 2663 1081 prae‘·

515 1109 838 1165 textatum
881 1091 1101 1161 adhuc
1136 1092 1515 1184 accepimus
1542 1088 1821 1159 dixisse:
1851 1093 2242 1179 Sz'cantas,
2278 1095 2463 1162 male
2484 1117 2663 1162 ccm-

513 1219 629 1271 tas
647 1227 668 1270 .·
687 1207 755 1270 si
777 1203 972 1295 leges,
996 1213 1264 1268 cantas.
1296 1197 1469 1266 Vide
1493 1195 1984 1286 Quintilianum
2014 1212 2275 1266 nostroe
2300 1199 2617 1270 edition&
2634 1255 2657 1288 ,

513 1311 650 1378 vol.
682 1312 758 1393 I,
783 1331 960 1402 pag.
1012 1329 1162 1375 200
1204 1329 1218 1371 ε
1265 1303 1376 1372 lib.
1425 1307 1501 1390 I,
1536 1327 1593 1370 ε.
1646 1303 1713 1373 8.

620 1412 945 1483 Elevandi
997 1413 1166 1482 ratio
1211 1425 1313 1478 est
1357 1407 1609 1504 duplex
1633 1463 1652 1497 ,
1710 1423 1786 1478 ut
1830 1424 1946 1477 aut
1988 1413 2251 1480 veniam
2302 1413 2447 1506 quis
2466 1465 2485 1499 ‚
2544 1429 2662 1484 aut

505 1521 893 1616 jactantiam
933 1519 1189 1587 minuat
1229 1543 1254 1612 Ξ
1292 1515 1857 1610 quemadmodum
1901 1519 1977 1585 C.
2018 1519 2243 1586 Caesar
2290 1521 2665 1614 Pomponio

511 1626 887 1698 ostendenti
922 1624 1164 1694 vulnus
1207 1648 1323 1692 ore
1369 1637 1723 1719 exceptum
1762 1624 1833 1690 in
1870 1621 2196 1692 seditione
2238 1623 2620 1719 Sulpiciana
2640 1682 2660 1715 ‚

511 1733 690 1829 quod
728 1735 868 1828 ipse
903 1757 972 1820 se
1002 1755 1267 1826 passum
1307 1756 1434 1824 pro
1465 1732 1728 1799 Caesare
1764 1745 2173 1824 pugnantem
2216 1730 2662 1826 gloriabatur,

513 1844 891 1934 Nunquam
903 1839 1206 1932 fitgz'ens
1264 1843 1649 1933 respexeris·
1666 1891 1689 1923 ,
1740 1837 1954 1930 inquit
1997 1862 2012 1904 z
2060 1852 2179 1906 aut
2230 1839 2506 1908 crimen·
2528 1841 2659 1908 ob-

504 1949 801 2043 jectum‚
839 1960 938 2014 ut.
957 1947 1194 2015 Cicero
1218 1996 1237 2032 ‚
1281 1957 1407 2012 ete.
1461 1944 1741 2034 Quintil.
1780 1942 2081 2036 l2·b„VI‚
2133 1969 2189 2012 c.
2240 1943 2305 2016 3.

619 2058 741 2123 Est
797 2068 866 2122 et
903 2050 1014 2121 illa
1066 2076 1146 2119 ex
1195 2051 1408 2118 ironia
1460 2049 1642 2118 fictio
1664 2099 1683 2132 ,
1726 2073 1861 2142 qua
1907 2074 2067 2120 usus
2122 2067 2223 2120 est
2276 2053 2353 2120 C.
2408 2055 2654 2123 Caesar.

511 2165 686 2234 Nam
728 2183 935 2254 quum
983 2159 1169 2228 testis
1203 2155 1491 2243 diceret,
1528 2179 1567 2223 a
1599 2181 1715 2225 reo
1757 2155 2001 2224 femina
2038 2181 2157 2226 sua
2190 2158 2369 2228 ferro
2410 2162 2615 2254 petita
2637 2216 2658 2249 ‚

511 2285 578 2338 et
617 2281 790 2336 esset
833 2263 1038 2333 facilis
1080 2263 1543 2358 reprehensio,
1572 2287 1695 2330 eur
1724 2261 1903 2330 illam
1936 2265 2355 2357 potissimum
2394 2280 2654 2362 partem

510 2375 812 2470 corporis
839 2370 1194 2440 vulnerare
1229 2369 1591 2438 voluisset.⁸⁴
1634 2369 1826 2460 Quid
1848 2372 2367 2462 ehimfaceret,
2401 2375 2655 2467 inquit,

510 2507 716 2577 quum
761 2495 835 2547 tu
868 2477 1152 2572 galeam
1201 2491 1274 2544 et
1317 2477 1613 2546 loricam
1657 2475 1946 2568 haberes
1960 2477 1999 2546 ‚9
2036 2478 2429 2567 Quintilian.
2488 2480 2649 2550 ibid.

509 2635 522 2646 ·
617 2586 962 2656 Demetrio
999 2585 1215 2679 Megae
1241 2582 1466 2652 Siculo
1495 2580 1849 2652 Dolabella
1876 2598 2115 2678 rogatu
2138 2610 2289 2654 meo
2316 2588 2654 2656 civitatem

509 2721 548 2764 a
590 2698 852 2766 Caesare
887 2689 1306 2786 impetravit:
1337 2715 1469 2784 qua
1497 2691 1565 2757 in
1594 2715 1669 2758 re
1698 2715 1825 2786 ego
1865 2689 2153 2760 interfui.
2197 2694 2431 2786 Itaque
2468 2709 2653 2764 nunc

509 2805 581 2871 P.
637 2797 989 2869 Cornelius
1036 2811 1336 2866 vocatur.
1396 2798 1761 2890 Quumque
1811 2813 2089 2892 propter
2133 2798 2458 2892 quosdam
2502 2827 2652 2869 sor-

507 2908 710 2992 didos'
726 2906 1034 2974 homines
1050 2959 1070 2991 ‚
1089 2906 1202 2998 qui
1231 2904 1510 2973 Caesaris
1537 2903 1859 2973 beneficia
1886 2904 2267 2975 vendebant
2279 2958 2298 2992 ,
2318 2907 2616 2976 tabulam
2632 2961 2653 2996 ,

503 3018 575 3084 in
612 3038 744 3108 qua
790 3013 1062 3081 nomina
1105 3012 1374 3079 civitate
1416 3010 1819 3078 donatorum
1875 3012 2081 3080 incisa
2119 3026 2341 3082 essent
2360 3067 2381 3102 ‚
2424 3013 2653 3083 revelli

499 3122 830 3214 jussisset3
871 3116 1085 3186 eidem
1123 3115 1519 3206 Dolabellae,
1554 3141 1663 3184 me
1689 3116 2039 3216 audiente2
2070 3121 2297 3188 Caesar
2326 3118 2522 3207 dixit,
2556 3127 2654 3190 m'·

505 3229 609 3300 hil
627 3253 776 3296 esse
789 3280 810 3312 ,
843 3223 1037 3319 quod
1055 3223 1143 3292 cle
1168 3227 1389 3317 Mega
1411 3240 1761 3294 vereretur
1771 3249 1798 3310 ,⁰
1820 3224 2219 3315 beneficium
2244 3249 2441 3296 suum
2472 3233 2543 3296 in
2566 3233 2649 3297 eo

506 3359 800 3405 manere.
829 3333 1044 3401 Cicer.
1071 3329 1181 3400 lib.
1216 3332 1429 3415 XIII,
1459 3330 1565 3400 ad
1582 3334 1781 3400 Fam.
1804 3333 2029 3427 Epzlst.
2065 3330 2163 3401 36
2179 3387 2201 3420 ,
2226 3333 2645 3404 αᾱΑείἰὰιιη.

613 3443 836 3511 Caesar
893 3437 1190 3525 dicebat,
1253 3467 1288 3502 ε(
1339 3437 1513 3504 idem
1562 3461 1707 3505 esse
1749 3439 1869 3506 sibi
1928 3438 2277 3508 consilium
2332 3440 2649 3512 adversus

503 3550 762 3618 hostem
790 3599 809 3634 ‚
853 3544 1035 3640 quod
1085 3543 1416 3638 plerisque
1453 3543 1727 3612 medicis
1768 3559 2001 3614 contra
2044 3546 2205 3612 vitia
2242 3571 2604 3642 corporum
2630 3599 2649 3637 ,

502 3657 678 3726 fame
703 3655 926 3750 potius
957 3673 1156 3746 quam
1193 3650 1373 3720 ferro
1417 3650 1793 3744 superandi.
1830 3679 1865 3715 2>
1907 3655 2032 3720 Ea:
2068 3655 2309 3722 Front.
2341 3657 2643 3750 Strateg.

498 3763 610 3834 lib.
659 3765 804 3849 IV,
861 3785 921 3830 c.
967 3783 1032 3854 7.

463 3887 487 3904 ·
605 3868 897 3938 Plurima
939 3864 1216 3934 Caesaris
1259 3862 1433 3931 dicta
1474 3861 1680 3931 refert
1719 3861 2154 3953 Plutarchus,
2197 3869 2265 3933 in
2309 3868 2443 3935 vita
2478 3870 2641 3937 Caes.

499 4002 700 4071 quam
732 3973 882 4042 vide
921 3996 1158 4067 supra,
1194 3986 1352 4038 tom.
1385 3973 1532 4056 III,
1551 3995 1733 4066 pag.
1769 3969 1972 4067 269-
1994 3970 2166 4058 334.
2296 3981 2305 3990 ’

601 4081 764 4151 Φασὶ
811 4082 919 4148 τὸν
970 4079 1256 4171 Καίσαρα
1303 4085 1398 4162 τῷ
1451 4080 1743 4170 μηνύοντι
1788 4078 2263 4176 ἀποκρίνασθαι,
2320 4081 2643 4154 κόπτοντα
