<?xml version="1.0" encoding="UTF-8"?>
<!DOCTYPE html PUBLIC "-//W3C//DTD XHTML 1.0 Transitional//EN"
    "http://www.w3.org/TR/xhtml1/DTD/xhtml1-transitional.dtd">
<html xmlns="http://www.w3.org/1999/xhtml" xml:lang="en" lang="en">
 <head>
  <title>
</title>
<meta http-equiv="Content-Type" content="text/html;charset=utf-8" />
  <meta name='ocr-system' content='tesseract 3.04.00' />
  <meta name='ocr-capabilities' content='ocr_page ocr_carea ocr_par ocr_line ocrx_word'/>
</head>
<body>
  <div class='ocr_page' id='page_1' title='image "./caiusjuliuscsar01unkngoog/caiusjuliuscsar01unkngoog_0150.png"; bbox 0 0 3017 5042; ppageno 0'>
   <div class='ocr_carea' id='block_1_1' title="bbox 688 487 2367 594">
    <p class='ocr_par' dir='ltr' id='par_1_1' title="bbox 688 487 2367 594">
     <span class='ocr_line' id='line_1_1' title="bbox 688 487 2367 594; baseline 0.004 -36"><span class='ocrx_word' id='word_1_1' title='bbox 688 489 835 558; x_wconf 81' lang='lat' dir='ltr'>DE</span> <span class='ocrx_word' id='word_1_2' title='bbox 908 487 985 558; x_wconf 87' lang='lat' dir='ltr'>c.</span> <span class='ocrx_word' id='word_1_3' title='bbox 1053 489 1383 558; x_wconf 76' lang='lat' dir='ltr'>sumo</span> <span class='ocrx_word' id='word_1_4' title='bbox 1450 489 1907 594; x_wconf 65' lang='lat' dir='ltr'>cAEsARE.</span> <span class='ocrx_word' id='word_1_5' title='bbox 2229 492 2367 590; x_wconf 73' lang='lat'>¹37</span> 
     </span>
    </p>
   </div>
   <div class='ocr_carea' id='block_1_2' title="bbox 246 628 2474 3274">
    <p class='ocr_par' dir='ltr' id='par_1_2' title="bbox 246 628 2474 1680">
     <span class='ocr_line' id='line_1_2' title="bbox 256 628 2380 710; baseline 0 -7"><span class='ocrx_word' id='word_1_6' title='bbox 256 629 703 710; x_wconf 69' lang='lat' dir='ltr'>tantummodo</span> <span class='ocrx_word' id='word_1_7' title='bbox 734 631 934 702; x_wconf 77' lang='lat' dir='ltr'>trium</span> <span class='ocrx_word' id='word_1_8' title='bbox 958 629 1024 698; x_wconf 84' lang='lat' dir='ltr'>in</span> <span class='ocrx_word' id='word_1_9' title='bbox 1054 628 1157 700; x_wconf 80' lang='lat' dir='ltr'>his</span> <span class='ocrx_word' id='word_1_10' title='bbox 1196 629 1531 702; x_wconf 81' lang='lat' dir='ltr'>distinctio</span> <span class='ocrx_word' id='word_1_11' title='bbox 1565 632 1896 701; x_wconf 86' lang='lat' dir='ltr'>occurrit:</span> <span class='ocrx_word' id='word_1_12' title='bbox 1931 629 2079 700; x_wconf 85' lang='lat' dir='ltr'>libri</span> <span class='ocrx_word' id='word_1_13' title='bbox 2107 634 2380 703; x_wconf 88' lang='lat' dir='ltr'>secundi</span> 
     </span>
     <span class='ocr_line' id='line_1_3' title="bbox 250 736 2376 836; baseline 0.002 -30"><span class='ocrx_word' id='word_1_14' title='bbox 250 739 491 806; x_wconf 83' lang='lat' dir='ltr'>initium</span> <span class='ocrx_word' id='word_1_15' title='bbox 530 738 599 804; x_wconf 86' lang='lat' dir='ltr'>in</span> <span class='ocrx_word' id='word_1_16' title='bbox 626 736 915 806; x_wconf 72' lang='lat' dir='ltr'>editione</span> <span class='ocrx_word' id='word_1_17' title='bbox 956 736 1346 823; x_wconf 80' lang='lat' dir='ltr'>Graeviana,</span> <span class='ocrx_word' id='word_1_18' title='bbox 1368 751 1467 806; x_wconf 72' lang='lat' dir='ltr'>est</span> <span class='ocrx_word' id='word_1_19' title='bbox 1494 763 1560 831; x_wconf 87' lang='lat' dir='ltr'>p.</span> <span class='ocrx_word' id='word_1_20' title='bbox 1596 737 1733 825; x_wconf 80' lang='lat'>28‚</span> <span class='ocrx_word' id='word_1_21' title='bbox 1761 736 1912 806; x_wconf 83' lang='lat' dir='ltr'>libri</span> <span class='ocrx_word' id='word_1_22' title='bbox 1948 741 2122 808; x_wconf 84' lang='lat' dir='ltr'>tertii</span> <span class='ocrx_word' id='word_1_23' title='bbox 2158 765 2221 833; x_wconf 89' lang='lat' dir='ltr'>p.</span> <span class='ocrx_word' id='word_1_24' title='bbox 2257 739 2376 836; x_wconf 82' lang='lat'>37.</span> 
     </span>
     <span class='ocr_line' id='line_1_4' title="bbox 248 841 2380 937; baseline -0 -21"><span class='ocrx_word' id='word_1_25' title='bbox 248 847 475 937; x_wconf 79' lang='lat' dir='ltr'>Neque</span> <span class='ocrx_word' id='word_1_26' title='bbox 506 843 589 912; x_wconf 79' lang='lat' dir='ltr'>de</span> <span class='ocrx_word' id='word_1_27' title='bbox 630 841 806 914; x_wconf 77' lang='lat' dir='ltr'>bello</span> <span class='ocrx_word' id='word_1_28' title='bbox 843 855 1107 912; x_wconf 80' lang='lat' dir='ltr'>tantum</span> <span class='ocrx_word' id='word_1_29' title='bbox 1148 843 1433 913; x_wconf 79' lang='lat' dir='ltr'>Caesaris</span> <span class='ocrx_word' id='word_1_30' title='bbox 1472 843 1748 914; x_wconf 76' lang='lat' dir='ltr'>tradunt</span> <span class='ocrx_word' id='word_1_31' title='bbox 1765 897 1785 932; x_wconf 87' lang='lat'>,</span> <span class='ocrx_word' id='word_1_32' title='bbox 1830 844 1942 913; x_wconf 88' lang='lat' dir='ltr'>sed</span> <span class='ocrx_word' id='word_1_33' title='bbox 1992 847 2380 914; x_wconf 76' lang='lat' dir='ltr'>universum</span> 
     </span>
     <span class='ocr_line' id='line_1_5' title="bbox 246 949 2382 1046; baseline 0.001 -28"><span class='ocrx_word' id='word_1_34' title='bbox 246 949 411 1018; x_wconf 87' lang='lat' dir='ltr'>illius</span> <span class='ocrx_word' id='word_1_35' title='bbox 450 952 599 1018; x_wconf 81' lang='lat' dir='ltr'>vitae</span> <span class='ocrx_word' id='word_1_36' title='bbox 644 973 913 1018; x_wconf 78' lang='lat' dir='ltr'>cursum</span> <span class='ocrx_word' id='word_1_37' title='bbox 958 964 1465 1042; x_wconf 80' lang='lat' dir='ltr'>persequuntur.</span> <span class='ocrx_word' id='word_1_38' title='bbox 1508 950 1603 1019; x_wconf 75' lang='lat' dir='ltr'>At</span> <span class='ocrx_word' id='word_1_39' title='bbox 1633 950 1874 1044; x_wconf 79' lang='lat' dir='ltr'>pagina</span> <span class='ocrx_word' id='word_1_40' title='bbox 1915 975 1941 1020; x_wconf 88' lang='lat'>1</span> <span class='ocrx_word' id='word_1_41' title='bbox 1969 975 1994 1020; x_wconf 84' lang='lat'>1</span> <span class='ocrx_word' id='word_1_42' title='bbox 2013 951 2100 1038; x_wconf 82' lang='lat'>8,</span> <span class='ocrx_word' id='word_1_43' title='bbox 2141 950 2382 1046; x_wconf 81' lang='lat' dir='ltr'>legitur</span> 
     </span>
     <span class='ocr_line' id='line_1_6' title="bbox 248 1053 2386 1150; baseline 0.001 -26"><span class='ocrx_word' id='word_1_44' title='bbox 248 1054 694 1148; x_wconf 85' lang='lat' dir='ltr'>hujuscemodi</span> <span class='ocrx_word' id='word_1_45' title='bbox 725 1053 1050 1126; x_wconf 77' lang='lat' dir='ltr'>scholium</span> <span class='ocrx_word' id='word_1_46' title='bbox 1086 1081 1102 1123; x_wconf 92' lang='lat'><strong>:</strong></span> <span class='ocrx_word' id='word_1_47' title='bbox 1154 1084 1189 1120; x_wconf 74' lang='grc' dir='ltr'><strong>α</strong></span> <span class='ocrx_word' id='word_1_48' title='bbox 1236 1056 1364 1125; x_wconf 90' lang='lat' dir='ltr'>Hic</span> <span class='ocrx_word' id='word_1_49' title='bbox 1406 1057 1638 1150; x_wconf 77' lang='lat' dir='ltr'>incipit</span> <span class='ocrx_word' id='word_1_50' title='bbox 1673 1069 1950 1126; x_wconf 81' lang='lat' dir='ltr'>octavus</span> <span class='ocrx_word' id='word_1_51' title='bbox 1985 1073 2386 1129; x_wconf 85' lang='lat' dir='ltr'>commenta·</span> 
     </span>
     <span class='ocr_line' id='line_1_7' title="bbox 246 1158 2386 1258; baseline 0.001 -28"><span class='ocrx_word' id='word_1_52' title='bbox 246 1165 487 1232; x_wconf 84' lang='lat' dir='ltr'>riorum</span> <span class='ocrx_word' id='word_1_53' title='bbox 514 1161 721 1248; x_wconf 79' lang='lat' dir='ltr'>liber,</span> <span class='ocrx_word' id='word_1_54' title='bbox 747 1182 947 1256; x_wconf 87' lang='lat' dir='ltr'>quem</span> <span class='ocrx_word' id='word_1_55' title='bbox 986 1160 1141 1230; x_wconf 78' lang='lat' dir='ltr'>fecit</span> <span class='ocrx_word' id='word_1_56' title='bbox 1166 1158 1377 1232; x_wconf 67' lang='lat' dir='ltr'>Julius</span> <span class='ocrx_word' id='word_1_57' title='bbox 1409 1160 1674 1231; x_wconf 76' lang='lat' dir='ltr'>Celsus:</span> <span class='ocrx_word' id='word_1_58' title='bbox 1715 1177 1968 1257; x_wconf 84' lang='lat' dir='ltr'><strong>septem</strong></span> <span class='ocrx_word' id='word_1_59' title='bbox 2005 1177 2228 1232; x_wconf 88' lang='lat' dir='ltr'>autem</span> <span class='ocrx_word' id='word_1_60' title='bbox 2259 1165 2386 1258; x_wconf 90' lang='lat' dir='ltr'>pri·</span> 
     </span>
     <span class='ocr_line' id='line_1_8' title="bbox 246 1267 2474 1364; baseline 0 -26"><span class='ocrx_word' id='word_1_61' title='bbox 246 1294 385 1338; x_wconf 84' lang='lat' dir='ltr'>mos</span> <span class='ocrx_word' id='word_1_62' title='bbox 420 1283 485 1337; x_wconf 87' lang='lat' dir='ltr'>et</span> <span class='ocrx_word' id='word_1_63' title='bbox 518 1291 733 1362; x_wconf 80' lang='lat' dir='ltr'>usque</span> <span class='ocrx_word' id='word_1_64' title='bbox 771 1267 857 1336; x_wconf 81' lang='lat' dir='ltr'>ad</span> <span class='ocrx_word' id='word_1_65' title='bbox 892 1267 1072 1336; x_wconf 85' lang='lat' dir='ltr'>hunc</span> <span class='ocrx_word' id='word_1_66' title='bbox 1100 1291 1379 1361; x_wconf 46' lang='lat' dir='ltr'>*passum</span> <span class='ocrx_word' id='word_1_67' title='bbox 1422 1267 1581 1337; x_wconf 86' lang='lat' dir='ltr'>fecit</span> <span class='ocrx_word' id='word_1_68' title='bbox 1611 1269 1750 1362; x_wconf 83' lang='lat' dir='ltr'>ipse</span> <span class='ocrx_word' id='word_1_69' title='bbox 1788 1271 2042 1356; x_wconf 73' lang='lat' dir='ltr'>Caesar,</span> <span class='ocrx_word' id='word_1_70' title='bbox 2081 1271 2386 1364; x_wconf 83' lang='lat' dir='ltr'>quamvis</span> <span class='ocrx_word' id='word_1_71' title='bbox 2469 1349 2474 1354; x_wconf 24' lang='lat'>⁸</span> 
     </span>
     <span class='ocr_line' id='line_1_9' title="bbox 250 1370 2386 1467; baseline 0.001 -25"><span class='ocrx_word' id='word_1_72' title='bbox 250 1374 351 1443; x_wconf 91' lang='lat' dir='ltr'>hic</span> <span class='ocrx_word' id='word_1_73' title='bbox 394 1388 627 1444; x_wconf 79' lang='lat' dir='ltr'>auctor</span> <span class='ocrx_word' id='word_1_74' title='bbox 662 1373 919 1467; x_wconf 76' lang='lat' dir='ltr'>aliquot</span> <span class='ocrx_word' id='word_1_75' title='bbox 954 1373 1025 1441; x_wconf 81' lang='lat' dir='ltr'>in</span> <span class='ocrx_word' id='word_1_76' title='bbox 1070 1370 1231 1442; x_wconf 88' lang='lat' dir='ltr'>locis</span> <span class='ocrx_word' id='word_1_77' title='bbox 1272 1373 1700 1460; x_wconf 78' lang='lat' dir='ltr'>contradicit,</span> <span class='ocrx_word' id='word_1_78' title='bbox 1735 1389 1803 1444; x_wconf 85' lang='lat' dir='ltr'>et</span> <span class='ocrx_word' id='word_1_79' title='bbox 1839 1374 2013 1444; x_wconf 87' lang='lat' dir='ltr'>male</span> <span class='ocrx_word' id='word_1_80' title='bbox 2055 1377 2386 1446; x_wconf 73' lang='lat' dir='ltr'>Cicerone</span> 
     </span>
     <span class='ocr_line' id='line_1_10' title="bbox 250 1477 2386 1576; baseline 0 -26"><span class='ocrx_word' id='word_1_81' title='bbox 250 1494 405 1550; x_wconf 80' lang='lat' dir='ltr'>teste</span> <span class='ocrx_word' id='word_1_82' title='bbox 440 1495 507 1550; x_wconf 89' lang='lat' dir='ltr'>et</span> <span class='ocrx_word' id='word_1_83' title='bbox 546 1482 697 1574; x_wconf 88' lang='lat' dir='ltr'>ipso</span> <span class='ocrx_word' id='word_1_84' title='bbox 740 1477 937 1548; x_wconf 81' lang='lat' dir='ltr'>Celso</span> <span class='ocrx_word' id='word_1_85' title='bbox 972 1481 1041 1546; x_wconf 86' lang='lat' dir='ltr'>in</span> <span class='ocrx_word' id='word_1_86' title='bbox 1073 1477 1355 1574; x_wconf 70' lang='lat' dir='ltr'>prologo</span> <span class='ocrx_word' id='word_1_87' title='bbox 1391 1505 1532 1548; x_wconf 88' lang='lat' dir='ltr'>suo.</span> <span class='ocrx_word' id='word_1_88' title='bbox 1579 1510 1618 1546; x_wconf 76' lang='lat'>2&gt;</span> <span class='ocrx_word' id='word_1_89' title='bbox 1657 1483 1994 1550; x_wconf 77' lang='lat' dir='ltr'>Nimirum</span> <span class='ocrx_word' id='word_1_90' title='bbox 2029 1497 2182 1576; x_wconf 85' lang='lat' dir='ltr'>post</span> <span class='ocrx_word' id='word_1_91' title='bbox 2209 1483 2386 1552; x_wconf 80' lang='lat' dir='ltr'>istud</span> 
     </span>
     <span class='ocr_line' id='line_1_11' title="bbox 252 1583 2386 1680; baseline 0.001 -25"><span class='ocrx_word' id='word_1_92' title='bbox 252 1585 564 1655; x_wconf 78' lang='lat' dir='ltr'>scholium</span> <span class='ocrx_word' id='word_1_93' title='bbox 602 1585 985 1654; x_wconf 80' lang='lat' dir='ltr'>referuntur</span> <span class='ocrx_word' id='word_1_94' title='bbox 1018 1609 1099 1652; x_wconf 86' lang='lat' dir='ltr'>ea</span> <span class='ocrx_word' id='word_1_95' title='bbox 1116 1638 1135 1670; x_wconf 86' lang='lat'>,</span> <span class='ocrx_word' id='word_1_96' title='bbox 1176 1583 1261 1654; x_wconf 90' lang='lat' dir='ltr'>de</span> <span class='ocrx_word' id='word_1_97' title='bbox 1288 1585 1532 1679; x_wconf 85' lang='lat' dir='ltr'>quibus</span> <span class='ocrx_word' id='word_1_98' title='bbox 1568 1589 1788 1680; x_wconf 78' lang='lat' dir='ltr'>agitur</span> <span class='ocrx_word' id='word_1_99' title='bbox 1825 1589 1895 1656; x_wconf 85' lang='lat' dir='ltr'>in</span> <span class='ocrx_word' id='word_1_100' title='bbox 1932 1586 2102 1656; x_wconf 84' lang='lat' dir='ltr'>libro</span> <span class='ocrx_word' id='word_1_101' title='bbox 2143 1604 2386 1658; x_wconf 81' lang='lat' dir='ltr'>octavo</span> 
     </span>
    </p>

    <p class='ocr_par' dir='ltr' id='par_1_3' title="bbox 249 1676 2464 3274">
     <span class='ocr_line' id='line_1_12' title="bbox 250 1676 2464 1784; baseline 0.001 -23"><span class='ocrx_word' id='word_1_102' title='bbox 250 1693 327 1761; x_wconf 81' lang='lat' dir='ltr'>de</span> <span class='ocrx_word' id='word_1_103' title='bbox 354 1691 536 1762; x_wconf 74' lang='lat' dir='ltr'>bello</span> <span class='ocrx_word' id='word_1_104' title='bbox 560 1690 861 1779; x_wconf 84' lang='lat' dir='ltr'>Gallico,</span> <span class='ocrx_word' id='word_1_105' title='bbox 900 1691 1090 1784; x_wconf 82' lang='lat' dir='ltr'>cujus</span> <span class='ocrx_word' id='word_1_106' title='bbox 1120 1689 1271 1760; x_wconf 84' lang='lat' dir='ltr'>libri</span> <span class='ocrx_word' id='word_1_107' title='bbox 1312 1692 1533 1762; x_wconf 86' lang='lat' dir='ltr'>octavi</span> <span class='ocrx_word' id='word_1_108' title='bbox 1571 1707 1914 1762; x_wconf 79' lang='lat' dir='ltr'>auctorem</span> <span class='ocrx_word' id='word_1_109' title='bbox 1937 1719 2077 1762; x_wconf 82' lang='lat' dir='ltr'>esse</span> <span class='ocrx_word' id='word_1_110' title='bbox 2115 1695 2388 1764; x_wconf 83' lang='lat' dir='ltr'>Celsum</span> <span class='ocrx_word' id='word_1_111' title='bbox 2458 1676 2464 1687; x_wconf 55' lang='grc'><em>’</em></span> 
     </span>
     <span class='ocr_line' id='line_1_13' title="bbox 250 1795 2390 1892; baseline 0 -24"><span class='ocrx_word' id='word_1_112' title='bbox 250 1797 404 1868; x_wconf 85' lang='lat' dir='ltr'>falso</span> <span class='ocrx_word' id='word_1_113' title='bbox 434 1795 670 1868; x_wconf 81' lang='lat' dir='ltr'>scholii</span> <span class='ocrx_word' id='word_1_114' title='bbox 712 1811 947 1866; x_wconf 77' lang='lat' dir='ltr'>auctor</span> <span class='ocrx_word' id='word_1_115' title='bbox 986 1797 1293 1866; x_wconf 81' lang='lat' dir='ltr'>affirmat.</span> <span class='ocrx_word' id='word_1_116' title='bbox 1338 1797 1471 1866; x_wconf 81' lang='lat' dir='ltr'>sed</span> <span class='ocrx_word' id='word_1_117' title='bbox 1509 1805 1730 1892; x_wconf 83' lang='lat' dir='ltr'>neque</span> <span class='ocrx_word' id='word_1_118' title='bbox 1770 1800 2014 1868; x_wconf 79' lang='lat' dir='ltr'>horum</span> <span class='ocrx_word' id='word_1_119' title='bbox 2059 1823 2390 1869; x_wconf 88' lang='lat' dir='ltr'>commen·</span> 
     </span>
     <span class='ocr_line' id='line_1_14' title="bbox 251 1903 2390 2000; baseline 0 -26"><span class='ocrx_word' id='word_1_120' title='bbox 251 1907 567 1974; x_wconf 83' lang='lat' dir='ltr'>tariorum</span> <span class='ocrx_word' id='word_1_121' title='bbox 620 1903 705 1972; x_wconf 82' lang='lat' dir='ltr'>de</span> <span class='ocrx_word' id='word_1_122' title='bbox 752 1904 891 1972; x_wconf 76' lang='lat' dir='ltr'>vita</span> <span class='ocrx_word' id='word_1_123' title='bbox 946 1905 1225 1972; x_wconf 68' lang='lat' dir='ltr'>Caesaris</span> <span class='ocrx_word' id='word_1_124' title='bbox 1282 1918 1518 1973; x_wconf 78' lang='lat' dir='ltr'>auctor</span> <span class='ocrx_word' id='word_1_125' title='bbox 1567 1918 1668 1997; x_wconf 77' lang='lat' dir='ltr'>est</span> <span class='ocrx_word' id='word_1_126' title='bbox 1717 1903 1952 1974; x_wconf 77' lang='lat' dir='ltr'>Celsus</span> <span class='ocrx_word' id='word_1_127' title='bbox 1973 1959 1992 1992; x_wconf 90' lang='lat'><strong><em>‚</em></strong></span> <span class='ocrx_word' id='word_1_128' title='bbox 2042 1930 2200 1973; x_wconf 81' lang='lat' dir='ltr'>nam</span> <span class='ocrx_word' id='word_1_129' title='bbox 2245 1908 2390 2000; x_wconf 84' lang='lat' dir='ltr'>ipse</span> 
     </span>
     <span class='ocr_line' id='line_1_15' title="bbox 252 2007 2390 2105; baseline -0 -24"><span class='ocrx_word' id='word_1_130' title='bbox 252 2023 807 2081; x_wconf 75' lang='lat' dir='ltr'>commemora-tur</span> <span class='ocrx_word' id='word_1_131' title='bbox 840 2010 909 2078; x_wconf 88' lang='lat' dir='ltr'>in</span> <span class='ocrx_word' id='word_1_132' title='bbox 938 2009 1168 2078; x_wconf 80' lang='lat' dir='ltr'>iisdem</span> <span class='ocrx_word' id='word_1_133' title='bbox 1200 2037 1265 2105; x_wconf 92' lang='lat' dir='ltr'>p.</span> <span class='ocrx_word' id='word_1_134' title='bbox 1308 2007 1407 2080; x_wconf 89' lang='grc'>68</span> <span class='ocrx_word' id='word_1_135' title='bbox 1446 2037 1463 2080; x_wconf 92' lang='lat'><strong>:</strong></span> <span class='ocrx_word' id='word_1_136' title='bbox 1510 2039 1548 2076; x_wconf 73' lang='grc' dir='ltr'><strong>α</strong></span> <span class='ocrx_word' id='word_1_137' title='bbox 1597 2013 1952 2080; x_wconf 76' lang='lat' dir='ltr'>Suetonius</span> <span class='ocrx_word' id='word_1_138' title='bbox 1985 2026 2220 2080; x_wconf 81' lang='lat' dir='ltr'>auctor</span> <span class='ocrx_word' id='word_1_139' title='bbox 2246 2035 2390 2081; x_wconf 89' lang='lat' dir='ltr'>cer·</span> 
     </span>
     <span class='ocr_line' id='line_1_16' title="bbox 250 2116 2392 2205; baseline 0 -19"><span class='ocrx_word' id='word_1_140' title='bbox 250 2118 532 2186; x_wconf 84' lang='lat' dir='ltr'>tissimus</span> <span class='ocrx_word' id='word_1_141' title='bbox 572 2119 1067 2186; x_wconf 71' lang='lat' dir='ltr'>Germanorum</span> <span class='ocrx_word' id='word_1_142' title='bbox 1102 2117 1235 2186; x_wconf 90' lang='lat' dir='ltr'>hoc</span> <span class='ocrx_word' id='word_1_143' title='bbox 1278 2117 1349 2184; x_wconf 86' lang='lat' dir='ltr'>in</span> <span class='ocrx_word' id='word_1_144' title='bbox 1390 2116 1637 2186; x_wconf 85' lang='lat' dir='ltr'>finibus</span> <span class='ocrx_word' id='word_1_145' title='bbox 1679 2117 1991 2187; x_wconf 81' lang='lat' dir='ltr'>accidisse</span> <span class='ocrx_word' id='word_1_146' title='bbox 2030 2119 2152 2205; x_wconf 90' lang='lat' dir='ltr'>ait;</span> <span class='ocrx_word' id='word_1_147' title='bbox 2177 2116 2392 2187; x_wconf 78' lang='lat' dir='ltr'>Julius</span> 
     </span>
     <span class='ocr_line' id='line_1_17' title="bbox 250 2221 2392 2316; baseline 0 -24"><span class='ocrx_word' id='word_1_148' title='bbox 250 2239 465 2294; x_wconf 84' lang='lat' dir='ltr'>autem</span> <span class='ocrx_word' id='word_1_149' title='bbox 510 2221 746 2293; x_wconf 74' lang='lat' dir='ltr'>Celsus</span> <span class='ocrx_word' id='word_1_150' title='bbox 786 2243 1010 2292; x_wconf 87' lang='lat' dir='ltr'>comes</span> <span class='ocrx_word' id='word_1_151' title='bbox 1023 2276 1044 2309; x_wconf 89' lang='lat'>‚</span> <span class='ocrx_word' id='word_1_152' title='bbox 1092 2236 1160 2291; x_wconf 89' lang='lat' dir='ltr'>et</span> <span class='ocrx_word' id='word_1_153' title='bbox 1208 2223 1323 2316; x_wconf 83' lang='lat' dir='ltr'>qui</span> <span class='ocrx_word' id='word_1_154' title='bbox 1366 2223 1570 2294; x_wconf 84' lang='lat' dir='ltr'>rebus</span> <span class='ocrx_word' id='word_1_155' title='bbox 1613 2223 1946 2312; x_wconf 81' lang='lat' dir='ltr'>interfuit,</span> <span class='ocrx_word' id='word_1_156' title='bbox 1993 2224 2392 2292; x_wconf 85' lang='lat' dir='ltr'>Eburonum</span> 
     </span>
     <span class='ocr_line' id='line_1_18' title="bbox 252 2327 2392 2424; baseline 0 -26"><span class='ocrx_word' id='word_1_157' title='bbox 252 2331 317 2398; x_wconf 81' lang='lat' dir='ltr'>in</span> <span class='ocrx_word' id='word_1_158' title='bbox 349 2330 598 2400; x_wconf 83' lang='lat' dir='ltr'>finibus</span> <span class='ocrx_word' id='word_1_159' title='bbox 633 2329 885 2398; x_wconf 64' lang='lat' dir='ltr'>facttum</span> <span class='ocrx_word' id='word_1_160' title='bbox 927 2327 1151 2398; x_wconf 82' lang='lat' dir='ltr'>refert.</span> <span class='ocrx_word' id='word_1_161' title='bbox 1197 2358 1232 2394; x_wconf 66' lang='lat' dir='ltr'>&gt;v</span> <span class='ocrx_word' id='word_1_162' title='bbox 1278 2330 1437 2401; x_wconf 80' lang='lat' dir='ltr'>Non</span> <span class='ocrx_word' id='word_1_163' title='bbox 1478 2343 1614 2417; x_wconf 85' lang='lat' dir='ltr'>est,</span> <span class='ocrx_word' id='word_1_164' title='bbox 1651 2329 1834 2424; x_wconf 88' lang='lat' dir='ltr'>quod</span> <span class='ocrx_word' id='word_1_165' title='bbox 1865 2329 2046 2398; x_wconf 85' lang='lat' dir='ltr'>aliud</span> <span class='ocrx_word' id='word_1_166' title='bbox 2081 2330 2164 2399; x_wconf 88' lang='lat' dir='ltr'>de</span> <span class='ocrx_word' id='word_1_167' title='bbox 2193 2331 2392 2399; x_wconf 84' lang='lat' dir='ltr'>rebus</span> 
     </span>
     <span class='ocr_line' id='line_1_19' title="bbox 251 2433 2395 2544; baseline 0 -38"><span class='ocrx_word' id='word_1_168' title='bbox 251 2438 523 2506; x_wconf 79' lang='lat' dir='ltr'>Caesaris</span> <span class='ocrx_word' id='word_1_169' title='bbox 560 2458 733 2530; x_wconf 87' lang='lat' dir='ltr'>opus-</span> <span class='ocrx_word' id='word_1_170' title='bbox 765 2435 892 2505; x_wconf 86' lang='lat' dir='ltr'>sub</span> <span class='ocrx_word' id='word_1_171' title='bbox 924 2437 962 2502; x_wconf 85' lang='lat' dir='ltr'>J</span> <span class='ocrx_word' id='word_1_172' title='bbox 965 2433 1081 2504; x_wconf 82' lang='lat' dir='ltr'>ulii</span> <span class='ocrx_word' id='word_1_173' title='bbox 1120 2433 1299 2504; x_wconf 84' lang='lat' dir='ltr'>Celsi</span> <span class='ocrx_word' id='word_1_174' title='bbox 1330 2437 1602 2504; x_wconf 87' lang='lat' dir='ltr'>nomine</span> <span class='ocrx_word' id='word_1_175' title='bbox 1633 2436 1717 2504; x_wconf 86' lang='lat' dir='ltr'>ab</span> <span class='ocrx_word' id='word_1_176' title='bbox 1753 2435 1886 2506; x_wconf 88' lang='lat' dir='ltr'>hoc</span> <span class='ocrx_word' id='word_1_177' title='bbox 1923 2439 2252 2544; x_wconf 76' lang='lat' dir='ltr'>scriptore</span> <span class='ocrx_word' id='word_1_178' title='bbox 2270 2436 2395 2506; x_wconf 82' lang='lat' dir='ltr'>lec·</span> 
     </span>
     <span class='ocr_line' id='line_1_20' title="bbox 250 2537 2394 2636; baseline -0 -24"><span class='ocrx_word' id='word_1_179' title='bbox 250 2557 387 2612; x_wconf 85' lang='lat' dir='ltr'>tum</span> <span class='ocrx_word' id='word_1_180' title='bbox 430 2567 575 2612; x_wconf 83' lang='lat' dir='ltr'>esse</span> <span class='ocrx_word' id='word_1_181' title='bbox 614 2537 1061 2636; x_wconf 82' lang='lat' dir='ltr'>suspicemur,</span> <span class='ocrx_word' id='word_1_182' title='bbox 1104 2541 1285 2634; x_wconf 87' lang='lat' dir='ltr'>quod</span> <span class='ocrx_word' id='word_1_183' title='bbox 1324 2541 1524 2610; x_wconf 87' lang='lat' dir='ltr'>hodie</span> <span class='ocrx_word' id='word_1_184' title='bbox 1559 2567 1698 2610; x_wconf 84' lang='lat' dir='ltr'>non</span> <span class='ocrx_word' id='word_1_185' title='bbox 1725 2556 1977 2611; x_wconf 85' lang='lat' dir='ltr'>exstet:</span> <span class='ocrx_word' id='word_1_186' title='bbox 2019 2543 2136 2611; x_wconf 86' lang='lat' dir='ltr'>sed</span> <span class='ocrx_word' id='word_1_187' title='bbox 2171 2544 2394 2636; x_wconf 88' lang='lat' dir='ltr'>potius</span> 
     </span>
     <span class='ocr_line' id='line_1_21' title="bbox 250 2632 2398 2743; baseline -0 -26"><span class='ocrx_word' id='word_1_188' title='bbox 250 2647 447 2718; x_wconf 84' lang='lat' dir='ltr'>libros</span> <span class='ocrx_word' id='word_1_189' title='bbox 486 2650 667 2743; x_wconf 80' lang='lat' dir='ltr'>ipsos</span> <span class='ocrx_word' id='word_1_190' title='bbox 709 2661 965 2742; x_wconf 69' lang='lat' dir='ltr'>septem</span> <span class='ocrx_word' id='word_1_191' title='bbox 1005 2632 1317 2716; x_wconf 79' lang='lat' dir='ltr'>Caesaris³</span> <span class='ocrx_word' id='word_1_192' title='bbox 1361 2651 1400 2715; x_wconf 84' lang='lat' dir='ltr'><strong>J</strong></span> <span class='ocrx_word' id='word_1_193' title='bbox 1404 2647 1538 2716; x_wconf 84' lang='lat' dir='ltr'>ulio</span> <span class='ocrx_word' id='word_1_194' title='bbox 1581 2647 1778 2716; x_wconf 83' lang='lat' dir='ltr'>Celso</span> <span class='ocrx_word' id='word_1_195' title='bbox 1821 2649 2128 2742; x_wconf 85' lang='lat' dir='ltr'>imperite</span> <span class='ocrx_word' id='word_1_196' title='bbox 2163 2648 2398 2716; x_wconf 87' lang='lat' dir='ltr'>tribuit</span> 
     </span>
     <span class='ocr_line' id='line_1_22' title="bbox 250 2751 2396 2849; baseline -0 -26"><span class='ocrx_word' id='word_1_197' title='bbox 250 2771 507 2841; x_wconf 79' lang='lat' dir='ltr'>auctor,</span> <span class='ocrx_word' id='word_1_198' title='bbox 536 2755 835 2849; x_wconf 83' lang='lat' dir='ltr'>quisquis</span> <span class='ocrx_word' id='word_1_199' title='bbox 866 2754 1026 2840; x_wconf 88' lang='lat' dir='ltr'>fuit,</span> <span class='ocrx_word' id='word_1_200' title='bbox 1044 2753 1364 2846; x_wconf 85' lang='lat' dir='ltr'>quoniam</span> <span class='ocrx_word' id='word_1_201' title='bbox 1400 2751 1614 2822; x_wconf 80' lang='lat' dir='ltr'>Julius</span> <span class='ocrx_word' id='word_1_202' title='bbox 1655 2751 1888 2822; x_wconf 84' lang='lat' dir='ltr'>Celsus</span> <span class='ocrx_word' id='word_1_203' title='bbox 1923 2753 2193 2846; x_wconf 86' lang='lat' dir='ltr'>quidam</span> <span class='ocrx_word' id='word_1_204' title='bbox 2225 2756 2396 2823; x_wconf 88' lang='lat' dir='ltr'>Con-</span> 
     </span>
     <span class='ocr_line' id='line_1_23' title="bbox 249 2859 2399 2956; baseline -0.001 -25"><span class='ocrx_word' id='word_1_205' title='bbox 249 2859 873 2956; x_wconf 79' lang='lat' dir='ltr'>stantinopolitanus</span> <span class='ocrx_word' id='word_1_206' title='bbox 894 2871 1239 2929; x_wconf 80' lang='lat' dir='ltr'>sexcentos</span> <span class='ocrx_word' id='word_1_207' title='bbox 1261 2861 1527 2928; x_wconf 78' lang='lat' dir='ltr'>circiter</span> <span class='ocrx_word' id='word_1_208' title='bbox 1543 2873 1698 2954; x_wconf 80' lang='lat' dir='ltr'>post</span> <span class='ocrx_word' id='word_1_209' title='bbox 1711 2859 1878 2928; x_wconf 88' lang='lat' dir='ltr'>Chr.</span> <span class='ocrx_word' id='word_1_210' title='bbox 1899 2873 2131 2927; x_wconf 82' lang='lat' dir='ltr'>natum</span> <span class='ocrx_word' id='word_1_211' title='bbox 2155 2883 2364 2928; x_wconf 85' lang='lat' dir='ltr'>annos</span> <span class='ocrx_word' id='word_1_212' title='bbox 2377 2913 2399 2946; x_wconf 12' lang='grc' dir='ltr'>,Α</span> 
     </span>
     <span class='ocr_line' id='line_1_24' title="bbox 251 2964 2394 3061; baseline -0.002 -23"><span class='ocrx_word' id='word_1_213' title='bbox 251 2969 533 3038; x_wconf 81' lang='lat' dir='ltr'>Caesaris</span> <span class='ocrx_word' id='word_1_214' title='bbox 567 2967 811 3061; x_wconf 85' lang='lat' dir='ltr'>scripta</span> <span class='ocrx_word' id='word_1_215' title='bbox 842 2981 1267 3036; x_wconf 79' lang='lat' dir='ltr'>recensuerat</span> <span class='ocrx_word' id='word_1_216' title='bbox 1282 3020 1305 3054; x_wconf 84' lang='lat'>,</span> <span class='ocrx_word' id='word_1_217' title='bbox 1330 2989 1708 3060; x_wconf 77' lang='lat' dir='ltr'>nomenque</span> <span class='ocrx_word' id='word_1_218' title='bbox 1737 2989 1932 3034; x_wconf 85' lang='lat' dir='ltr'>suum</span> <span class='ocrx_word' id='word_1_219' title='bbox 1961 2964 2086 3034; x_wconf 84' lang='lat' dir='ltr'>illis</span> <span class='ocrx_word' id='word_1_220' title='bbox 2105 3019 2126 3052; x_wconf 89' lang='lat'>,</span> <span class='ocrx_word' id='word_1_221' title='bbox 2158 2979 2236 3033; x_wconf 85' lang='lat' dir='ltr'>ut</span> <span class='ocrx_word' id='word_1_222' title='bbox 2258 2968 2394 3034; x_wconf 85' lang='lat' dir='ltr'>Te·-</span> 
     </span>
     <span class='ocr_line' id='line_1_25' title="bbox 250 3071 2396 3167; baseline -0.001 -23"><span class='ocrx_word' id='word_1_223' title='bbox 250 3076 465 3144; x_wconf 82' lang='lat' dir='ltr'>rentio</span> <span class='ocrx_word' id='word_1_224' title='bbox 502 3071 897 3167; x_wconf 84' lang='lat' dir='ltr'>Calliopius,</span> <span class='ocrx_word' id='word_1_225' title='bbox 928 3072 1463 3167; x_wconf 82' lang='lat' dir='ltr'>subsignaverat,</span> <span class='ocrx_word' id='word_1_226' title='bbox 1495 3071 1680 3167; x_wconf 85' lang='lat' dir='ltr'>quod</span> <span class='ocrx_word' id='word_1_227' title='bbox 1703 3073 2068 3141; x_wconf 81' lang='lat' dir='ltr'>etiamnum</span> <span class='ocrx_word' id='word_1_228' title='bbox 2103 3072 2172 3140; x_wconf 88' lang='lat' dir='ltr'>in</span> <span class='ocrx_word' id='word_1_229' title='bbox 2197 3073 2396 3142; x_wconf 81' lang='lat' dir='ltr'>variis</span> 
     </span>
     <span class='ocr_line' id='line_1_26' title="bbox 251 3176 2394 3274; baseline -0.002 -23"><span class='ocrx_word' id='word_1_230' title='bbox 251 3182 531 3251; x_wconf 74' lang='lat' dir='ltr'>Caesaris</span> <span class='ocrx_word' id='word_1_231' title='bbox 582 3179 921 3248; x_wconf 80' lang='lat' dir='ltr'>codicibus</span> <span class='ocrx_word' id='word_1_232' title='bbox 965 3179 1157 3248; x_wconf 76' lang='lat' dir='ltr'><strong>MSS.</strong></span> <span class='ocrx_word' id='word_1_233' title='bbox 1210 3177 1732 3274; x_wconf 84' lang='lat' dir='ltr'>deprehenditur</span> <span class='ocrx_word' id='word_1_234' title='bbox 1749 3231 1770 3267; x_wconf 89' lang='lat'>,</span> <span class='ocrx_word' id='word_1_235' title='bbox 1821 3193 1901 3247; x_wconf 91' lang='lat' dir='ltr'>ut</span> <span class='ocrx_word' id='word_1_236' title='bbox 1949 3192 2192 3274; x_wconf 84' lang='lat' dir='ltr'>praeter</span> <span class='ocrx_word' id='word_1_237' title='bbox 2233 3176 2394 3247; x_wconf 87' lang='lat' dir='ltr'>alios</span> 
     </span>
    </p>
   </div>
   <div class='ocr_carea' id='block_1_3' title="bbox 193 3284 2398 3380">
    <p class='ocr_par' dir='ltr' id='par_1_4' title="bbox 193 3284 2398 3380">
     <span class='ocr_line' id='line_1_27' title="bbox 193 3284 2398 3380; baseline -0.003 -22"><span class='ocrx_word' id='word_1_238' title='bbox 193 3343 199 3346; x_wconf 84' lang='lat'><em>-</em></span> <span class='ocrx_word' id='word_1_239' title='bbox 252 3287 619 3358; x_wconf 84' lang='lat' dir='ltr'>Godwinus</span> <span class='ocrx_word' id='word_1_240' title='bbox 659 3285 842 3380; x_wconf 57' lang='lat' dir='ltr'><strong>fwae‘f.</strong></span> <span class='ocrx_word' id='word_1_241' title='bbox 880 3286 951 3352; x_wconf 89' lang='lat' dir='ltr'>in</span> <span class='ocrx_word' id='word_1_242' title='bbox 988 3287 1318 3354; x_wconf 74' lang='lat' dir='ltr'>Caesarem</span> <span class='ocrx_word' id='word_1_243' title='bbox 1349 3287 1728 3369; x_wconf 73' lang='lat' dir='ltr'>annotavit,</span> <span class='ocrx_word' id='word_1_244' title='bbox 1759 3299 2036 3354; x_wconf 85' lang='lat' dir='ltr'>testatus</span> <span class='ocrx_word' id='word_1_245' title='bbox 2070 3285 2140 3353; x_wconf 85' lang='lat' dir='ltr'>in</span> <span class='ocrx_word' id='word_1_246' title='bbox 2167 3284 2398 3354; x_wconf 80' lang='lat' dir='ltr'>codice</span> 
     </span>
    </p>
   </div>
   <div class='ocr_carea' id='block_1_4' title="bbox 248 3388 2402 4016">
    <p class='ocr_par' dir='ltr' id='par_1_5' title="bbox 248 3388 2402 4016">
     <span class='ocr_line' id='line_1_28' title="bbox 250 3388 2398 3490; baseline -0.002 -26"><span class='ocrx_word' id='word_1_247' title='bbox 250 3393 543 3490; x_wconf 81' lang='lat' dir='ltr'>quodam</span> <span class='ocrx_word' id='word_1_248' title='bbox 574 3393 721 3460; x_wconf 89' lang='lat' dir='ltr'>MS.</span> <span class='ocrx_word' id='word_1_249' title='bbox 762 3392 1043 3460; x_wconf 85' lang='lat' dir='ltr'>Thuano</span> <span class='ocrx_word' id='word_1_250' title='bbox 1072 3392 1143 3459; x_wconf 90' lang='lat' dir='ltr'>in</span> <span class='ocrx_word' id='word_1_251' title='bbox 1172 3393 1473 3487; x_wconf 80' lang='lat' dir='ltr'>margine</span> <span class='ocrx_word' id='word_1_252' title='bbox 1515 3390 1666 3459; x_wconf 76' lang='lat' dir='ltr'>libri</span> <span class='ocrx_word' id='word_1_253' title='bbox 1702 3392 1774 3459; x_wconf 90' lang='lat' dir='ltr'>II</span> <span class='ocrx_word' id='word_1_254' title='bbox 1808 3390 1894 3459; x_wconf 88' lang='lat' dir='ltr'>de</span> <span class='ocrx_word' id='word_1_255' title='bbox 1919 3390 2098 3460; x_wconf 89' lang='lat' dir='ltr'>bello</span> <span class='ocrx_word' id='word_1_256' title='bbox 2139 3388 2398 3460; x_wconf 87' lang='lat' dir='ltr'>Gallico</span> 
     </span>
     <span class='ocr_line' id='line_1_29' title="bbox 253 3497 2398 3594; baseline -0.003 -24"><span class='ocrx_word' id='word_1_257' title='bbox 253 3502 381 3570; x_wconf 89' lang='lat' dir='ltr'>sub</span> <span class='ocrx_word' id='word_1_258' title='bbox 424 3497 825 3594; x_wconf 77' lang='lat' dir='ltr'>principiani</span> <span class='ocrx_word' id='word_1_259' title='bbox 864 3499 1008 3566; x_wconf 87' lang='lat' dir='ltr'>haec</span> <span class='ocrx_word' id='word_1_260' title='bbox 1052 3499 1261 3566; x_wconf 81' lang='lat' dir='ltr'>verba</span> <span class='ocrx_word' id='word_1_261' title='bbox 1313 3513 1570 3568; x_wconf 86' lang='lat' dir='ltr'>exstare</span> <span class='ocrx_word' id='word_1_262' title='bbox 1609 3523 1624 3564; x_wconf 74' lang='lat' dir='ltr'>t</span> <span class='ocrx_word' id='word_1_263' title='bbox 1668 3497 1888 3566; x_wconf 85' lang='lat' dir='ltr'>Julius</span> <span class='ocrx_word' id='word_1_264' title='bbox 1936 3499 2168 3568; x_wconf 82' lang='lat' dir='ltr'>Celsus</span> <span class='ocrx_word' id='word_1_265' title='bbox 2216 3501 2398 3568; x_wconf 83' lang='lat' dir='ltr'>Con-</span> 
     </span>
     <span class='ocr_line' id='line_1_30' title="bbox 250 3602 2400 3700; baseline -0.003 -24"><span class='ocrx_word' id='word_1_266' title='bbox 250 3611 602 3676; x_wconf 84' lang='lat' dir='ltr'>stantinus</span> <span class='ocrx_word' id='word_1_267' title='bbox 637 3607 721 3672; x_wconf 89' lang='lat' dir='ltr'>V.</span> <span class='ocrx_word' id='word_1_268' title='bbox 772 3607 841 3676; x_wconf 90' lang='lat' dir='ltr'>C.</span> <span class='ocrx_word' id='word_1_269' title='bbox 886 3605 1038 3700; x_wconf 81' lang='lat' dir='ltr'>legi.</span> <span class='ocrx_word' id='word_1_270' title='bbox 1086 3607 1165 3672; x_wconf 93' lang='lat' dir='ltr'>In</span> <span class='ocrx_word' id='word_1_271' title='bbox 1206 3605 1507 3699; x_wconf 83' lang='lat' dir='ltr'>margine</span> <span class='ocrx_word' id='word_1_272' title='bbox 1547 3627 1710 3671; x_wconf 84' lang='lat' dir='ltr'>vero</span> <span class='ocrx_word' id='word_1_273' title='bbox 1749 3602 1898 3670; x_wconf 87' lang='lat' dir='ltr'>libri</span> <span class='ocrx_word' id='word_1_274' title='bbox 1933 3605 2040 3670; x_wconf 94' lang='lat' dir='ltr'>III</span> <span class='ocrx_word' id='word_1_275' title='bbox 2072 3628 2086 3670; x_wconf 91' lang='lat'>:</span> <span class='ocrx_word' id='word_1_276' title='bbox 2117 3603 2400 3672; x_wconf 73' lang='lat' dir='ltr'>Flavius</span> 
     </span>
     <span class='ocr_line' id='line_1_31' title="bbox 248 3709 2402 3806; baseline -0.004 -22"><span class='ocrx_word' id='word_1_277' title='bbox 248 3717 558 3784; x_wconf 70' lang='lat' dir='ltr'>Licet-ius</span> <span class='ocrx_word' id='word_1_278' title='bbox 608 3713 951 3782; x_wconf 79' lang='lat' dir='ltr'>Firminus</span> <span class='ocrx_word' id='word_1_279' title='bbox 1004 3713 1373 3806; x_wconf 77' lang='lat' dir='ltr'>Lupicinus</span> <span class='ocrx_word' id='word_1_280' title='bbox 1423 3711 1576 3804; x_wconf 79' lang='lat' dir='ltr'>legi.</span> <span class='ocrx_word' id='word_1_281' title='bbox 1625 3711 1717 3778; x_wconf 86' lang='lat' dir='ltr'>At</span> <span class='ocrx_word' id='word_1_282' title='bbox 1769 3709 2402 3778; x_wconf 87' lang='lat' dir='ltr'>commentariorum</span> 
     </span>
     <span class='ocr_line' id='line_1_32' title="bbox 252 3814 2400 3910; baseline -0.003 -22"><span class='ocrx_word' id='word_1_283' title='bbox 252 3833 493 3889; x_wconf 81' lang='lat' dir='ltr'>auctor</span> <span class='ocrx_word' id='word_1_284' title='bbox 531 3843 570 3887; x_wconf 87' lang='lat' dir='ltr'>a</span> <span class='ocrx_word' id='word_1_285' title='bbox 606 3815 805 3887; x_wconf 81' lang='lat' dir='ltr'>Celso</span> <span class='ocrx_word' id='word_1_286' title='bbox 825 3871 845 3906; x_wconf 88' lang='lat'>‚</span> <span class='ocrx_word' id='word_1_287' title='bbox 880 3832 961 3886; x_wconf 81' lang='lat' dir='ltr'>ut</span> <span class='ocrx_word' id='word_1_288' title='bbox 994 3815 1315 3904; x_wconf 81' lang='lat' dir='ltr'>vidimus,</span> <span class='ocrx_word' id='word_1_289' title='bbox 1351 3815 1660 3885; x_wconf 75' lang='lat' dir='ltr'>diversus·</span> <span class='ocrx_word' id='word_1_290' title='bbox 1676 3814 1874 3910; x_wconf 86' lang='lat' dir='ltr'>longe</span> <span class='ocrx_word' id='word_1_291' title='bbox 1915 3830 2017 3884; x_wconf 90' lang='lat' dir='ltr'>est</span> <span class='ocrx_word' id='word_1_292' title='bbox 2049 3839 2131 3882; x_wconf 87' lang='lat' dir='ltr'>ac</span> <span class='ocrx_word' id='word_1_293' title='bbox 2162 3839 2400 3882; x_wconf 86' lang='lat' dir='ltr'>recen-</span> 
     </span>
     <span class='ocr_line' id='line_1_33' title="bbox 252 3920 2400 4016; baseline -0.003 -20"><span class='ocrx_word' id='word_1_294' title='bbox 252 3928 421 4014; x_wconf 89' lang='lat' dir='ltr'>tior,</span> <span class='ocrx_word' id='word_1_295' title='bbox 460 3939 540 3994; x_wconf 92' lang='lat' dir='ltr'>ut</span> <span class='ocrx_word' id='word_1_296' title='bbox 586 3923 1012 3994; x_wconf 87' lang='lat' dir='ltr'>observatum</span> <span class='ocrx_word' id='word_1_297' title='bbox 1048 3924 1210 3991; x_wconf 86' lang='lat' dir='ltr'>viris</span> <span class='ocrx_word' id='word_1_298' title='bbox 1250 3921 1676 4010; x_wconf 85' lang='lat' dir='ltr'>doctissimis,</span> <span class='ocrx_word' id='word_1_299' title='bbox 1729 3923 2000 3991; x_wconf 80' lang='lat' dir='ltr'>Graevio</span> <span class='ocrx_word' id='word_1_300' title='bbox 2050 3921 2119 3988; x_wconf 90' lang='lat' dir='ltr'>in</span> <span class='ocrx_word' id='word_1_301' title='bbox 2160 3920 2400 4016; x_wconf 85' lang='lat' dir='ltr'>praefa-</span> 
     </span>
    </p>
   </div>
   <div class='ocr_carea' id='block_1_5' title="bbox 342 4120 2239 4190">
    <p class='ocr_par' dir='ltr' id='par_1_6' title="bbox 342 4120 2239 4190">
     <span class='ocr_line' id='line_1_34' title="bbox 342 4120 2239 4190; baseline -0.004 -8"><span class='ocrx_word' id='word_1_302' title='bbox 342 4127 397 4182; x_wconf 82' lang='lat'>3.</span> <span class='ocrx_word' id='word_1_303' title='bbox 415 4129 483 4182; x_wconf 83' lang='lat' dir='ltr'>In</span> <span class='ocrx_word' id='word_1_304' title='bbox 500 4125 821 4180; x_wconf 72' lang='lat' dir='ltr'>Eburonum</span> <span class='ocrx_word' id='word_1_305' title='bbox 844 4125 1045 4178; x_wconf 83' lang='lat' dir='ltr'>finibus</span> <span class='ocrx_word' id='word_1_306' title='bbox 1057 4123 1173 4178; x_wconf 74' lang='lat' dir='ltr'>haee.</span> <span class='ocrx_word' id='word_1_307' title='bbox 1191 4120 1441 4178; x_wconf 74' lang='lat' dir='ltr'>accidisse</span> <span class='ocrx_word' id='word_1_308' title='bbox 1468 4121 1650 4176; x_wconf 83' lang='lat' dir='ltr'>innuit</span> <span class='ocrx_word' id='word_1_309' title='bbox 1675 4121 1854 4176; x_wconf 72' lang='lat' dir='ltr'>Caesar</span> <span class='ocrx_word' id='word_1_310' title='bbox 1879 4122 1941 4175; x_wconf 88' lang='lat' dir='ltr'>B.</span> <span class='ocrx_word' id='word_1_311' title='bbox 1973 4120 2117 4187; x_wconf 66' lang='lat' dir='ltr'>GN,</span> <span class='ocrx_word' id='word_1_312' title='bbox 2147 4141 2239 4190; x_wconf 73' lang='lat'>²9-</span> 
     </span>
    </p>
   </div>
  </div>
 </body>
</html>
