3017 5042
504 489 550 560 6
1074 495 1150 562 C.
1207 492 1504 562 JULII
1560 491 2041 562 CAESARIS

502 625 730 698 cordia
786 638 855 694 et
895 622 1286 694 liberalitate
1327 649 1452 694 nos
1508 625 1908 694 muniamus.
1958 624 2041 693 Id
2082 625 2653 719 quemadmodum

502 733 647 803 fieri
679 733 921 828 possit,
957 730 1278 802 nonnulla
1317 732 1479 801 mihi
1517 732 1589 800 in
1626 745 1923 803 mentem
1969 734 2285 818 veniunt,
2334 748 2413 802 et.
2436 733 2652 803 multa

501 842 778 936 reperiri
821 855 1118 935 possunt.
1176 842 1282 909 De
1337 839 1442 908 his
1499 839 1699 908 rebus
1752 863 1875 909 vos
1924 865 2127 935 rogo,
2163 854 2240 909 ut
2294 842 2651 935 cogitatio*-

501 949 1094 1043 nemsuscipiatis.
1143 949 1270 1016 Cn.
1321 947 1665 1042 Magium,
1709 947 2013 1042 Pompeii
2067 948 2457 1042 praefectum
2480 1002 2499 1037 ,
2536 947 2651 1018 de-

501 1055 842 1156 prehendi.
885 1053 1157 1125 Scilicet
1183 1078 1338 1122 meo
1374 1055 1682 1124 instituto
1709 1077 1871 1123 usus
1902 1080 2050 1123 sum
2067 1107 2087 1140 ‚
2120 1069 2191 1122 et
2228 1079 2382 1124 eum
2425 1057 2653 1124 statim

503 1163 779 1231 missum
822 1162 970 1231 feci.
1003 1164 1164 1231 Jam.
1197 1160 1332 1230 duo
1364 1161 1663 1256 praefecti
1698 1161 1963 1231 fabrum
2000 1164 2298 1257 Pompeii
2331 1163 2402 1229 in
2431 1186 2653 1231 meam

503 1283 899 1365 potestatem
944 1282 1275 1338 venerunt
1293 1319 1312 1355 ‚
1339 1283 1406 1338 et
1441 1294 1482 1339 a
1518 1293 1627 1343 me
1659 1269 1845 1340 missi
1882 1283 2055 1337 sunt.
2097 1269 2167 1338 si
2210 1269 2443 1338 volent
2478 1270 2655 1364 grati

502 1401 679 1466 esse,
721 1375 1061 1445 debebunt
1087 1402 1095 1417 ·
1120 1376 1515 1471 Pompeium
1573 1376 1867 1463 hortari,
1907 1389 1984 1444 ut
2045 1374 2258 1445 malit·
2288 1375 2453 1444 mihi
2508 1399 2655 1444 esse

504 1486 756 1573 amicus
778 1536 798 1570 ‚
821 1507 1040 1576 ‚quam
1090 1482 1198 1551 his
1223 1536 1242 1568 ,
1283 1483 1398 1577 qui
1456 1497 1526 1552 et
1584 1481 1675 1551 illi
1724 1497 1791 1551 et
1850 1482 2014 1550 mihi
2069 1507 2335 1578 semper
2381 1481 2657 1551 fuerunt

505 1591 938 1658 inimicissimi
965 1614 980 1657 ε
1016 1614 1301 1682 quorum
1337 1589 1632 1658 artificiis
1663 1588 1979 1659 effectum
2013 1604 2112 1658 est
2132 1643 2151 1676 ‚
2179 1605 2256 1658 ut
2279 1586 2653 1684 respublica

501 1696 571 1766 in
585 1698 767 1766 hunc
791 1710 1036 1766 statum
1053 1697 1450 1791 perveniret.
1471 1699 1597 1764 Ex
1620 1697 1752 1766 Cic.
1772 1695 2049 1765 lib-IX.
2080 1695 2365 1765 ad.Att.
2386 1699 2457 1765 E
2442 1721 2524 1791 p.
2543 1680 2651 1766 6.⁶

1041 1875 1283 1944 Caesar
1317 1874 1545 1969 Oppio
1579 1888 1653 1941 et
1696 1873 2011 1954 Comelcb
2044 1875 2115 1942 S.

606 2031 689 2102 A.
727 2031 792 2101 d.
830 2054 933 2101 v11
970 2031 1070 2100 Id.
1109 2033 1310 2100 Mart.
1342 2031 1770 2124 Brundisium
1798 2032 1989 2100 veni:
2016 2031 2655 2112 admurumcastra

505 2141 717 2234 posui.
751 2139 1108 2233 Pompeius
1147 2153 1249 2206 est
1292 2136 1644 2207 Brundisii.
1687 2139 1874 2206 Misit
1916 2137 2002 2206 ad
2038 2163 2146 2208 me
2186 2140 2312 2208 Cn..
2350 2141 2657 2235 Magium

504 2245 821 2339 depace.
861 2246 1033 2334 Quae
1078 2245 1220 2314 visa
1263 2259 1456 2328 sunt,
1492 2244 1823 2340 respondi.
1866 2248 2015 2315 Hoc
2055 2270 2177 2316 vos
2222 2249 2449 2316 statim
2483 2248 2655 2324 seire

504 2350 707 2421 volui.
747 2353 978 2441 Quum
1001 2354 1070 2421 in
1103 2377 1289 2446 spem
1322 2376 1571 2440 venero
1592 2405 1611 2438 ‚
1640 2351 1723 2420 de
1759 2354 2240 2446 compositione
2268 2352 2519 2448 aliquid
2540 2379 2655 2440 ,me

507 2458 875 2546 conficere,
901 2461 1122 2528 statim
1150 2483 1272 2528 vos
1305 2460 1621 2529 certiores
1648 2458 1911 2546 faciam.
1944 2462 2069 2531 Ex
2098 2461 2231 2532 Cic.
2256 2460 2377 2538 lib,
2402 2463 2530 2530 IX.
2558 2459 2665 2530 ad

507 2569 670 2654 Act„
690 2569 826 2661 Ep.
880 2563 1039 2635 13.⁷

615 2674 720 2741 De
768 2675 1029 2742 Caesare
1074 2672 1338 2766 fugerat
1385 2697 1515 2741 me.
1543 2671 1630 2745 ad
1677 2686 1765 2758 te·
1803 2673 2111 2760 scribere.
2134 2673 2384 2762 ..Video
2428 2674 2607 2744 enim
2635 2727 2657 2763 ,

510 2803 675 2874 quas
699 2778 1052 2851 tulitteras
1069 2780 1490 2874 exspectaris.
1516 2779 1651 2849 Sed
1670 2779 1777 2849 ille
1798 2782 2062 2875 scripsit
2086 2779 2173 2849 ad
2199 2779 2658 2868 Balbum‚fas2·

509 2885 800 2958 ciculum
874 2885 1061 2955 illum
1125 2885 1558 2980 epistolarum
1584 2938 1604 2973 ‚
1640 2889 1711 2954 in
1771 2914 1907 2984 quo
1964 2887 2187 2956 fuerat
2234 2901 2301 2956 et
2354 2912 2537 2975 mea,
2590 2903 2659 2966 et

417 2999 436 3016 ⁹
506 2992 735 3080 Balbi,
762 3006 980 3060 totum
1003 2992 1130 3063 sibi
1152 3017 1324 3086 aqua
1355 2993 1699 3062 madidum
1726 2994 2061 3064 redditum
2087 3019 2228 3065 esse
2244 3021 2265 3082 ;
2284 3009 2467 3072 utne
2493 2993 2658 3070 illud

507 3098 777 3194 quidem
838 3100 1002 3168 sciat
1023 3153 1043 3186 ‚
1093 3122 1309 3168 meam
1370 3099 1571 3168 fuisse
1636 3098 1923 3196 aliquam
1968 3101 2331 3196 epistolam.
2378 3100 2509 3172 Sed
2574 3127 2658 3172 ex

383 3257 388 3261 -
507 3202 700 3278 Balbi
729 3205 1020 3300 epistola
1042 3229 1256 3300 pauca
1293 3207 1499 3277 verba
1530 3205 1979 3297 intellexerat3
2022 3207 2108 3276 ad
2136 3233 2285 3303 quae
2320 3209 2659 3303 rescripsit

505 3313 620 3382 his·
639 3313 894 3387 verbis:
912 3316 1024 3382 De
1047 3315 1371 3384 Cicerone
1386 3313 1591 3383 ‘video
1615 3331 1684 3384 te
1705 3316 2037 3410 quiddam
2055 3321 2411 3412 seripszsse
2419 3369 2444 3402 ‚
2469 3315 2666 3410 quod
2770 3402 2775 3407 .

504 3444 635 3514 ego
650 3444 788 3489 non
801 3421 1137 3507 intellexl}
1151 3436 1486 3514 quantum
1505 3437 1736 3492 autem
1749 3423 2147 3515 conjectura
2159 3421 2651 3520 con-sequebar,

505 3526 586 3596 id
609 3543 770 3596 erat
797 3526 1218 3619 hujusmodi,
1245 3543 1326 3598 ut
1347 3534 1573 3625 magiis·
1594 3530 1975 3626 optandum
2000 3553 2216 3625 qaam⁴
2238 3529 2672 3626 sperandum·

491 3649 838 3730 putarem.
869 3637 1104 3728 Itaque
1132 3649 1364 3731 postea
1391 3636 1543 3705 misi
1564 3635 1650 3706 ad
1678 3639 2010 3707 Caesarem
2039 3636 2277 3706 eodem
2303 3636 2417 3706 illo
2436 3661 2655 3706 exem·

504 3738 618 3835 plo
644 3738 915 3810 litteras.
955 3743 1194 3828 Jocum
1228 3757 1448 3812 autem
1484 3741 1657 3812 illius
1703 3742 1786 3812 de
1823 3767 1943 3812 sua
1978 3737 2271 3838 egestate
2308 3769 2394 3813 ne
2428 3746 2516 3814 sis
2552 3769 2655 3815 as·

502 3862 824 4022 Iliiernatus
843 3901 862 3937 ‚
900 3863 1023 3918 etc.
1077 3851 1204 3918 Ex
1238 3851 1446 3920 Cicer.
1493 3850 1606 3920 lib.
1649 3854 1773 3937 II,
1802 3850 1927 3920 ad
1952 3853 2278 3943 Quintum
2292 3850 2651 3942 fratrem,

563 3979 644 4050 p.
703 3978 729 4025 1
749 3979 814 4024 2.

442 4181 448 4186 ,
580 4118 788 4174 evm„-
802 4116 862 4174 13.
885 4121 949 4176 c.-
974 4123 1012 4174 1.
1028 4123 1075 4185 ι,
1096 4123 1191 4187 23,
1214 4128 1305 4186 24.
1325 4122 1533 4176 Mentio
1621 4141 1740 4178 mm
1755 4158 1773 4189 ‚
1794 4122 1991 4179 nosue
2004 4098 2259 4176 {ditionis
2282 4133 2321 4177 t.
2340 4123 2454 4191 111,
2478 4141 2533 4196 p.
2558 4126 2650 4180 ιε.

505 4191 717 4272 quoque
729 4202 888 4273 hujus
906 4202 1142 4273 qvistolae
1164 4201 1228 4254 fit
1243 4201 1389 4273 apud
1409 4197 1532 4256 cel·
1706 4221 1760 4274 7.
1781 4203 1887 4256 Adi
1903 4205 1957 4257 J.
1982 4203 2150 4271 Cels„
2167 4217 2306 4258 nost.
2320 4205 2433 4271 111,
2452 4203 2652 4277 paea.
