3017 5042
596 457 741 530 116
851 459 1341 528 SUPPLEM.
1402 456 1746 542 VAR1A‚
1785 457 1990 527 VEL
2043 457 2491 532 DISSERT.

578 596 839 663 ratione
876 592 1115 661 urbem
1156 589 1775 676 circumvallarent,
1819 614 1905 658 ne
1947 590 2093 682 quis
2135 607 2342 661 noctu
2376 593 2692 662 evaderet
2711 647 2732 680 ‚

574 725 663 770 ex
697 702 857 796 ipsis
882 697 1317 768 cadaveribus
1344 720 1658 793 aggerem
1692 709 2106 765 exstructum
2139 698 2729 774 circumduxerint.

688 809 913 876 Gaesar
959 805 1238 874 victoria
1288 803 1373 872 ad
1423 803 1606 872 hunc
1661 801 1960 880 modum,
1993 803 2241 896 potitus
2261 858 2282 891 ‚
2339 804 2732 882 Cordubam

572 913 929 984 confestim
950 966 969 999 ‚
1000 912 1157 1006 quia
1196 907 1363 978 urbe
1392 910 1632 979 Sextus
1669 923 1824 980 ante
1851 911 1994 1001 ejus
2034 907 2393 980 adventum
2431 937 2732 982 excesse-

570 1035 712 1107 rat,
755 1018 1105 1114 oppidanis
1159 1015 1564 1086 deditionem
1607 1015 1998 1087 facientibus
2021 1069 2040 1101 ,
2084 1017 2297 1111 cepit3
2347 1042 2732 1112 quanquam

568 1127 761 1196 servi.
797 1125 1183 1194 manumissi
1220 1124 1602 1194 resisterent
1641 1144 1974 1215 :quorum
2015 1122 2275 1207 Caesar,
2313 1125 2391 1194 iis
2409 1179 2432 1213 ,
2461 1126 2576 1218 qui
2613 1149 2730 1194 ar-

572 1234 737 1302 mati
770 1229 989 1318 fuere,
1012 1229 1421 1316 interfectis,
1443 1226 1733 1321 reliquos
1760 1225 2092 1298 vendidit:
2123 1229 2494 1325 eodemque
2524 1231 2730 1302 modo

574 1338 832 1432 Hispali
872 1338 1024 1431 egi-t.
1058 1337 1196 1425 Qui
1239 1359 1386 1406 eam
1424 1336 1666 1407 urbem
1700 1335 2056 1422 tenebant,
2084 1337 2318 1430 primo.
2348 1337 2730 1431 praesidium

575 1444 865 1514 militum
914 1457 1361 1537 acceperunt3
1408 1441 1648 1536 quibus
1716 1440 1955 1513 deinde
1979 1513 1986 1518 ,
2008 1442 2370 1512 interfectis
2390 1497 2413 1529 ,
2477 1443 2728 1520 bellum

577 1563 1090 1620 renovaverunt.
1144 1551 1371 1618 Caesar
1407 1574 1564 1618 cum
1607 1549 1903 1618 exercitu
1953 1573 2034 1618 eo
2069 1549 2454 1642 profectus,
2494 1553 2730 1620 remis-

574 1659 813 1728 siorem
868 1657 1207 1751 aliquanto
1256 1656 1670 1726 obsidionem
1719 1655 2006 1730 instituit
2023 1705 2044 1742 ‚
2095 1656 2185 1724 ita
2211 1670 2322 1732 ,ut
2365 1656 2730 1751 effugiendi

571 1789 761 1858 spem
824 1764 1175 1859 oppidanis
1230 1776 1598 1834 ostentaret
1644 1786 1659 1830 τ
1705 1786 2050 1856 quumque
2101 1761 2268 1830 urbe
2325 1787 2444 1832 eos
2497 1765 2728 1858 egredi

570 1893 802 1965 passus
854 1885 1057 1958 esset,
1105 1895 1224 1964 per
1276 1869 1547 1938 insidias
1601 1871 2004 1963 interceptos
2057 1868 2333 1956 occidit,
2381 1885 2580 1964 atque
2635 1873 2730 1942 ita

566 1976 807 2046 urbem
835 1962 1135 2072 squoque
1194 1977 1435 2046 sensim
1502 1976 1660 2043 viris
1723 1974 2038 2044 nudatam
2105 1977 2298 2069 cepit.
2365 1978 2527 2046 Post
2585 1975 2731 2048 haec

562 2082 900 2152 Mundam
938 2106 1203 2178 quoque
1248 2096 1317 2152 et
1370 2095 1610 2150 caetera
1657 2081 1940 2175 oppida,
1973 2083 2214 2176 partim
2254 2083 2320 2149 vi
2363 2097 2438 2160 et⁸
2473 2083 2729 2177 ingenti

566 2191 1017 2260 resistentium
1064 2187 1285 2273 eaede‚.
1312 2189 1558 2284 partim
1604 2186 1935 2260 deditione
1974 2190 2262 2282 recepit:
2292 2189 2730 2283 pecuniisque

566 2294 999 2366 conficiendis
1057 2297 1151 2364 ita
1194 2295 1528 2364 intentum
1587 2319 1658 2364 se
1701 2295 2023 2389 praebuit,
2065 2309 2140 2362 ut
2187 2317 2226 2364 a
2271 2299 2729 2368 monumentis

558 2400 842 2472 Herculi
898 2402 1075 2469 intra
1130 2400 1353 2472 Gades
1406 2401 1812 2470 consecratis
1869 2425 2007 2469 non
2071 2401 2450 2471 abstineret.
2503 2404 2728 2496 Agros

560 2508 768 2576 etiam
816 2507 1217 2600 quibusdam
1244 2541 1253 2552 ·
1276 2505 1526 2576 ademit
1551 2561 1570 2594 ‚
1613 2507 2069 2602 stipendiaque
2127 2508 2454 2603 imperata
2514 2511 2724 2579 auxit.

570 2616 733 2684 Haec
760 2614 829 2682 in
860 2638 975 2683 eos
1002 2613 1361 2698 statuebat,
1382 2615 1497 2706 qui
1519 2613 1986 2687 rebellassent:
2013 2639 2301 2708 quorum
2329 2639 2490 2684 vero
2513 2614 2730 2684 bene-

566 2717 861 2790 volentia
895 2743 1056 2792 usus
1087 2734 1263 2806 eratq
1296 2743 1413 2789 eos
1432 2722 1618 2814 agris
1649 2719 1846 2807 alim,
1878 2718 2042 2790 alios
2068 2722 2522 2809 immunitate,
2558 2723 2726 2790 eivi-

568 2839 706 2897 tate.
720 2825 1121 2914 nonnullos,
1148 2840 1265 2896 aut
1294 2826 1445 2918 jure
1483 2825 1874 2922 municipali
1909 2826 2220 2917 donavit3
2243 2830 2550 2922 quamvis
2577 2828 2728 2902 lunc

568 2932 714 3026 ipsa
750 2933 951 3006 etiam
980 2957 1128 3002 -non
1172 2935 1464 3027 gratuito
1496 2945 1927 3005 2eoncesserrt.
