3017 5042
598 407 749 491 408
897 463 908 484 .,
1283 349 2061 476 COMMENTATIO

592 562 816 607 comas
853 537 1139 606 desiisse.
1184 538 1495 608 Intonsas
1539 541 1716 608 enim
1760 550 1959 606 vocat
1991 532 2242 604 Plinius
2277 533 2555 629 Alpinas
2591 558 2749 630 quo·

594 669 723 738 que
760 658 1024 738 gentes,
1064 667 1347 737 quarum
1398 644 1754 715 nonnullas
1796 642 2254 713 Narbonensis
2293 643 2540 736 opinor
2577 641 2747 712 Gal-

597 749 698 819 liae
741 763 1001 844 partem
1047 749 1280 837 fuisse3
1326 749 1437 819 lib.
1481 776 1600 839 xi,
1643 773 1786 846 cap.
1838 747 1969 845 37,
2012 746 2122 816 vel
2166 751 2305 844 47:
2361 751 2747 836 «Nomina,

595 858 842 950 inquit,
878 882 959 925 ex
1000 855 1320 951 capillatis
1356 856 1626 952 Alpium
1660 855 1925 942 incolis,
1955 853 2187 925 Galliae
2215 857 2534 925 Comatae.
2561 884 2598 921 ιι)
2635 858 2748 939 Et,

596 987 978 1057 quanquam
1014 963 1267 1058 reliqua
1310 987 1577 1058 quoque
1607 963 1826 1034 Gallia
1861 963 1945 1030 ab
1980 964 2059 1031 C.
2099 964 2360 1031 Caesare
2389 963 2460 1030 in
2489 962 2751 1057 provin-

598 1069 716 1136 ciae
756 1067 1048 1138 formam¹
1078 1085 1178 1138 est
1216 1069 1488 1140 redacta
1519 1125 1538 1153 ,
1590 1072 1745 1164 quia
1789 1084 2018 1138 tamen
2059 1067 2520 1139 Narbonensis
2567 1069 2748 1163 prius

597 1177 947 1268 provincia
982 1175 1157 1246 facta
1192 1175 1445 1269 fuerat,
1480 1176 1632 1246 ideo
1661 1179 2052 1246 Provinciae
2074 1175 2373 1262 nomine,
2410 1174 2594 1268 quod
2631 1174 2751 1244 ho-

600 1279 707 1349 die
745 1307 1009 1376 quoque
1038 1283 1310 1367 retinet,
1352 1307 1616 1377 semper
1652 1277 2022 1378 appellata3
2059 1279 2312 1374 reliqua
2348 1304 2512 1350 vero
2535 1279 2752 1351 Gallia

601 1402 795 1456 vetus
828 1391 1137 1459 Comatoe
1159 1412 1535 1483 cognomen
1558 1390 1864 1476 retinuit3
1888 1401 2246 1482 propterea
2273 1411 2398 1456 nec
2421 1388 2753 1482 Agrippa,

602 1519 809 1586 quum
838 1493 1125 1564 Galliam
1152 1493 1349 1589 longe
1377 1494 1638 1590 lateque
1665 1497 2046 1581 metiretur,
2072 1494 2532 1565 Narbonensis
2567 1494 2753 1562 ratio-

600 1624 755 1668 nem
791 1600 1055 1688 habuit,
1089 1602 1277 1695 quasi
1315 1603 1678 1696 provinciae
1714 1615 2068 1697 separatae3
2105 1601 2370 1694 scripsit
2395 1601 2578 1668 enim
2614 1599 2752 1670 haec

602 1705 851 1779 Plinius¹
882 1705 993 1775 lib.
1022 1732 1133 1794 w,
1174 1707 1297 1776 loc.
1332 1711 1477 1777 cit.:
1528 1725 1563 1760 (ί
1585 1710 1883 1804 Agrippa
1913 1708 2375 1776 universarum
2407 1704 2750 1801 galliarum

601 1813 774 1880 inter
810 1813 1122 1882 Rhenum
1144 1868 1163 1898 ,
1208 1829 1281 1883 et-
1304 1817 1702 1909 Pyrenaeum
1720 1869 1740 1901 ,
1783 1829 1983 1909 atque
2027 1817 2375 1882 Oceanum
2397 1866 2417 1901 ‚
2455 1837 2538 1882 ac
2577 1839 2752 1883 mon·

601 1933 699 1986 tes
741 1920 1170 2007 Gebennam,
1211 1935 1279 1989 et
1313 1924 1352 1989 J
1354 1947 1546 1990 uram
1564 1974 1583 2000 ,
1633 1921 1876 2016 quibus
1918 1920 2431 1992 Narbonensem
2465 1917 2748 1988 Galliam

602 2024 895 2094 excludit
924 2053 944 2114 3
1019 2027 1505 2122 longitudinem
1567 2050 1838 2097 ccccxx
1892 2021 2030 2095 mil.
2099 2050 2272 2121 pass.
2337 2015 2748 2096 latitudinem

541 2134 543 2136 ’
606 2153 919 2202 cccxvm
961 2135 1376 2227 computavit
1401 2151 1462 2200 ³³.
1529 2130 1830 2203 Catullus
1879 2157 2082 2204 carm.
2121 2158 2300 2206 xxxx
2325 2186 2346 2220 ,
2391 2135 2748 2205 Comatam

607 2237 965 2331 appellavit
1004 2241 1310 2308 Galliam
1353 2264 1391 2308 a
1427 2233 1688 2310 Caesare
1725 2238 2168 2334 perdomitam
2203 2265 2220 2306 ε

845 2401 995 2471 Quis
1024 2399 1133 2458 hos
1158 2412 1353 2476 potest
1378 2399 1612 2478 videre,
1638 2399 1772 2478 quis
1799 2413 1996 2478 potest
2023 2401 2171 2478 pati,

842 2501 1208 2554 Mamurram
1236 2497 1488 2568 habere,
1518 2499 1684 2576 qu'od
1713 2491 1961 2556 Comata
1991 2498 2184 2556 Gallia

847 2595 1117 2653 Habebat
1144 2595 1369 2666 omnis,
1397 2595 1606 2653 ultima
1633 2608 1696 2654 et
1713 2595 2052 2654 Britannia?

711 2763 879 2854 Quis
916 2791 1121 2860 porro
1157 2766 1451 2852 dubitet,
1484 2768 1646 2861 quin
1677 2766 2110 2861 Transalpina
2147 2765 2399 2855 Gallia,
2435 2791 2578 2838 non
2616 2771 2746 2838 Cis·

607 2871 829 2966 alpina
849 2873 1257 2966 significetur
1282 2874 1352 2940 in
1380 2874 1457 2942 iis
1476 2875 1749 2942 Antonii
1772 2874 2026 2960 verbis,
2048 2899 2196 2969 quae
2223 2875 2462 2944 recitat
2483 2877 2747 2960 Cicer0‚

608 2977 980 3072 Philippica
1033 2977 1215 3047 vm?
1272 2980 1579 3048 Galliam
1624 2983 1970 3074 Togatam
2013 2985 2284 3050 remitto
2313 3006 2334 3048 .·
2399 2984 2749 3052 Comatam

592 3086 903 3180 postulo.
934 3086 1087 3153 Fuit
1122 3085 1297 3152 enim
1338 3085 1782 3156 hocAnto'nii
1825 3086 2215 3175 consilium,
2247 3102 2325 3156 ut
2351 3085 2750 3182 Cisalpinam

609 3189 926 3276 Galliam,
956 3193 1041 3258 D.
1062 3194 1281 3261 Bruto
1308 3191 1449 3284 jam
1480 3192 2013 3280 eamobtinenti,
2043 3191 2479 3288 relinqueret,
2514 3197 2747 3263 Trans-

609 3296 909 3390 alpinam.
926 3310 1149 3398 autem
1174 3321 1213 3364 a
1232 3300 1308 3366 L·.
1330 3297 1580 3366 Planco
1609 3313 1772 3368 tunc
1799 3298 2329 3368 administratam
2345 3353 2364 3388 ,
2387 3325 2539 3394 quae
2563 3299 2752 3395 longe

606 3418 750 3471 erat
786 3402 1074 3490 firmior,
1109 3403 1231 3471 sibi
1271 3418 1673 3489 assumere-t,
1701 3430 1848 3498 -quo
1866 3393 2100 3499 ¹posset
2125 3404 2399 3494 deinde,
2435 3408 2753 3502 superatis

481 3574 491 3584 χ
603 3508 883 3603 Alpibus
956 3509 1024 3576 in
1084 3511 1275 3578 Bruti
1332 3510 1748 3603 provinciam
1781 3562 1800 3597 ,
1861 3536 2009 3605 quae
2046 3515 2363 3606 -Togata
2421 3516 2666 3584 Gallia
2717 3537 2752 3580 a

607 3617 917 3684 Romano
969 3617 1215 3683 vestitu
1274 3616 1679 3701 vocabatur,
1726 3619 2052 3712 impetum
2105 3618 2329 3687 facere
2350 3645 2385 3706 3.
2421 3623 2753 3713 Brutoque

604 3725 817 3815 ejecto
839 3775 858 3808 ,
904 3722 1137 3789 urbem
1179 3723 1393 3816 ipsam
1414 3773 1435 3804 ,
1476 3722 1782 3819 exemplo
1829 3725 2108 3794 Caesaris
2152 3749 2487 3820 occupare
2529 3752 2548 3793 τ
2582 3725 2751 3821 quod

608 3831 1005 3898 Ciceronem
1038 3853 1177 3896 non
1214 3827 1412 3922 fugit3
1455 3829 1734 3923 subjecit
1782 3829 1958 3898 enim
2009 3832 2078 3898 in
2121 3857 2204 3900 eo
2241 3830 2437 3919 loco;
2483 3835 2750 3902 otiosus

606 3934 921 4002 videlicet
970 3959 1119 4002 esse
1175 3937 1449 4005 mavult:
1503 3939 1592 4005 Et
1645 3935 2012 4032 Philippica
2054 3962 2146 4005 v:
2217 3968 2252 4002 «
2277 3942 2400 4008 Est
2435 3992 2456 4026 ,
2504 3939 2710 4032 inquit
2730 3987 2746 4018 ,

603 4042 827 4136 opinio
868 4040 1290 4110 decreturum
1342 4043 1627 4136 aliquem
1674 4045 1965 4114 Antonio
2012 4043 2192 4112 illam
2241 4043 2550 4114 ultimam
2591 4041 2745 4114 Gal-

2962 3897 2965 3990 ἰ

2962 3991 2965 4126 ἶ
