3017 5042
664 474 804 540 DE
861 472 1514 540 GALLIARUM
1570 475 2055 548 URBIBUS.
2277 475 2428 570 439

281 603 728 675 declaravere·
749 601 1070 697 syllabam
1107 627 1274 698 mag
1305 604 1490 698 apud.
1520 603 1741 674 Celtas
1776 605 2179 700 significasse
2211 609 2427 702 majo-

281 737 433 780 rem
458 711 1028 805 copiosioremque
1047 709 1522 786 habitationem
1528 737 1553 798 ,ς
1572 713 1897 782 minorem
1914 737 2079 784 vero
2100 713 2429 807 designari
2510 775 2519 797 ,

281 816 542 911 syllaba
563 818 684 911 gil.
715 819 879 886 Fere
903 815 1162 887 nullum
1193 832 1294 886 est
1330 841 1574 888 nomen
1604 817 1913 891 celticum
1938 820 2099 914 quin
2142 821 2213 891 in
2248 822 2427 889 exitu

279 922 540 1017 aliquid
581 921 830 992 indicet
855 975 875 1010 ‚
919 938 996 992 ut
1035 923 1288 992 dunum
1311 978 1333 1009 ‚
1381 923 1564 1018 quod
1600 949 1916 1020 aggerem
1952 923 2277 996 collemve
2312 926 2426 995 de—

279 1044 498 1106 notat.
515 1077 522 1086 ·
539 1031 688 1098 Nos
731 1030 1098 1100 etiamnum
1141 1031 1316 1102 hanc
1359 1031 1690 1124 originem
1728 1032 2141 1106 servavimus
2157 1085 2175 1118 ‚
2226 1030 2427 1104 colles

281 1137 452 1205 istos
487 1134 829 1206 sabulosos
863 1135 1056 1230 juxta
1101 1138 1304 1207 maris
1350 1136 1533 1212 littus
1577 1152 1893 1211 vocantes
1932 1137 2167 1218 dzmes.
2216 1141 2426 1212 Innu-

280 1267 487 1313 merae
521 1256 842 1336 praeterea
875 1243 1144 1314 urbium
1171 1241 1645 1338 appellationes
1680 1244 1989 1320 eumdem
2022 1246 2093 1314 in
2124 1243 2423 1318 cadendo

279 1372 528 1418 sonum
569 1346 866 1419 referunt
881 1404 903 1435 ,
937 1352 1136 1434 Dua,
1187 1353 1256 1417 V
1253 1347 1466 1419 erdun
1480 1403 1501 1436 ‚
1550 1341 2015 1422 Chdceaudun.
2056 1363 2061 1370 ’

394 1455 701 1548 Denique
727 1457 798 1522 in
835 1479 1050 1524 casses
1089 1455 1318 1526 incidit
1359 1455 1458 1526 Cl.
1500 1443 1814 1526 Dalaure
1831 1510 1852 1542 ‚
1878 1479 2098 1550 quum
2134 1457 2423 1526 Dionem

283 1563 590 1631 Cassium
626 1559 710 1628 de
738 1561 1020 1630 Morinis
1047 1584 1404 1655 perperam
1433 1563 1611 1633 citet,
1644 1564 1770 1637 Hic
1790 1565 1975 1640 enim
2016 1577 2244 1636 narrat
2272 1566 2417 1634 Gae-

281 1691 502 1736 sarem
521 1719 542 1754 ‚
587 1667 912 1760 superatis
946 1666 1085 1760 jam
1132 1667 1406 1738 Venetis
1420 1719 1440 1755 ‚
1483 1668 1553 1736 in
1598 1669 1902 1742 Morinos
1958 1684 2029 1738 et
2076 1670 2425 1763 Menapios

281 1771 602 1860 tendisse,
631 1794 878 1867 eosque
911 1772 1296 1867 subjecisse,
1325 1772 1504 1867 quod
1540 1775 1617 1842 iis
1648 1799 1784 1844 non
1805 1774 2007 1844 urbes
2044 1785 2263 1845 essent
2278 1827 2297 1862 ‚
2332 1776 2425 1844 ita
2456 1792 2463 1800 “

281 1893 363 1948 ut
405 1880 670 1974 tuguria
712 1878 849 1951 huc
889 1878 1046 1950 illuc
1095 1903 1323 1975 sparsa
1366 1863 1791 1952 habitarent..
1818 1882 2146 1974 Exceptio
2187 1875 2423 1975 procul

281 1984 494 2055 dubio
522 1985 748 2063 firmat
776 1983 1092 2080 regulam.
1123 1987 1260 2056 Dio
1287 1998 1487 2054 antea
1512 2002 1737 2081 egerat
1752 1986 1847 2056 -de
1861 1987 2163 2066 VenetiS,
2186 1986 2425 2080 quibus

279 2093 494 2172 πόλεις
520 2106 744 2179 erant;
773 2116 954 2162 nunc
982 2116 1144 2164 vero
1165 2091 1484 2164 lectorem
1505 2107 1735 2162 monet
1758 2147 1779 2181 ‚
1806 2093 2091 2168 Morinis
2112 2117 2254 2164 esse
2275 2091 2424 2160 nul-

281 2196 419 2267 las:
450 2222 598 2292 quae
621 2222 749 2286 ωε,
774 2212 850 2269 ut
864 2198 1128 2270 insolita
1147 2211 1277 2288 est,
1297 2201 1387 2271 ita
1417 2201 1795 2270 accuratius
1822 2223 1864 2267 a
1884 2201 2105 2270 Dione
2129 2195 2419 2270 notatur.

281 2304 473 2373 Idem
503 2306 636 2373 Dio
677 2303 806 2374 alio
835 2303 986 2375 loco
1015 2307 1138 2395 ait,
1166 2307 1288 2376 has
1321 2319 1551 2401 gentes
1582 2306 1667 2376 ad
1694 2307 2167 2387 Britannorum„
2204 2330 2425 2376 mores

285 2411 426 2480 fere
469 2411 784 2483 accedere
813 2438 828 2480 z
861 2415 1106 2484 scimus
1135 2427 1358 2484 autem
1391 2438 1474 2482 ex
1505 2415 1798 2500 Caesare,
1816 2414 2149 2484 Britannis
2176 2411 2425 2507 oppida

283 2506 556 2611 quidem
585 2517 815 2603 fixisse,
843 2517 960 2588 sed
988 2519 1072 2591 ab
1105 2519 1380 2590 urbibus
1401 2519 1663 2590 diversa
1692 2545 1707 2586 :
1738 2521 2061 2592 rationem
2094 2521 2296 2612 igitur
2327 2533 2423 2586 te-

231 2710 249 2728 κ
282 2647 522 2693 nemus
549 2637 618 2693 et
643 2649 948 2708 causam,
978 2650 1099 2694 cur
1135 2627 1381 2696 Morini
1419 2639 1488 2696 et
1525 2626 1825 2718 Menapii
1854 2649 1892 2692 a
1930 2625 2183 2695 caeteris
2214 2622 2423 2693 Gallis

281 2729 650 2802 differrent.

389 2839 597 2909 Nunc
623 2839 902 2934 gradum
939 2840 1104 2910 sistit
1139 2853 1364 2910 noster
1397 2840 1799 2910 Poliorcetes
1838 2855 1907 2909 et
1940 2841 2211 2912 urbium
2246 2866 2425 2910 ever-

283 2967 428 3027 sor;
456 2944 728 3040 jamque
767 2945 1186 3040 triumphans
1220 2946 1691 3041 interpretibus
1712 2944 1890 3041 leges
1922 2946 2152 3033 edicit,
2181 2949 2422 3043 quibus

281 3074 427 3120 sese
453 3052 522 3120 in
549 3066 892 3146 posterum
922 3051 1292 3145 subjiciant.
1321 3055 1414 3122 At
1436 3078 1567 3122 nos‘
1582 3053 1697 3146 qui
1720 3053 1857 3124 huc
1884 3078 2095 3148 usque
2130 3054 2423 3125 refellen-

281 3155 386 3224 dis
415 3160 822 3252 argumentis
847 3183 1121 3254 operam
1155 3158 1489 3247 dedimuS,
1534 3182 1749 3254 pauca
1787 3158 2111 3248 addamus
2126 3215 2146 3251 ‚
2184 3162 2423 3257 quibus

279 3262 816 3340 demonstremus
849 3265 1098 3360 oppida
1135 3265 1653 3336 habitationibus
1693 3267 2083 3337 inserviisse.

391 3369 622 3458 Quum
651 3373 1008 3443 Avaricum
1034 3387 1572 3467 oppugnaretur,
1598 3372 1817 3444 subito
1838 3375 2031 3443 irruit
2054 3376 2265 3444 imber
2278 3377 2418 3443 vio·

281 3474 503 3546 lentus
546 3479 718 3555 ὑετὸς
753 3474 1003 3570 λοίὸρος.
1025 3481 1334 3549 Romani
1379 3481 1448 3548 in
1491 3482 1781 3550 tentoria
1820 3505 1961 3550 sese
1999 3482 2327 3575 recipiunt
2362 3485 2422 3561 ἐς

276 3581 400 3660 τὰς
421 3582 671 3669 σκηνὰς,
700 3598 769 3654 et
799 3586 926 3680 ipsi
955 3583 1166 3670 Galli,
1201 3588 1444 3657 omissa
1477 3584 1703 3656 salutis
1738 3611 1901 3656 cura
1918 3639 1939 3668 ‚
1976 3586 2057 3665 εἰς
2086 3585 2201 3665 τὰς
2230 3587 2421 3667 οἰκίας

280 3690 354 3758 in
400 3685 634 3765 domos
680 3687 1145 3785 ingrediuntur
1191 3684 1376 3778 (Dio
1396 3746 1415 3781 ,
1455 3690 1566 3760 lib.
1600 3717 1677 3762 xi
1698 3687 1743 3783 ).
1785 3695 1863 3761 In
1902 3692 2136 3762 eodem
2173 3693 2421 3786 oppido

281 3794 564 3864 aderant
587 3796 927 3894 mulieres,
959 3796 1238 3867 aderant
1266 3799 1334 3868 in
1361 3800 1831 3894 Bratuspantio
1862 3814 1933 3868 et
1962 3800 2034 3866 in
2065 3800 2417 3893 Gergovia.

279 3902 399 3970 Ait
437 3904 663 3974 Caesar
701 3931 716 3972 ε
766 3935 800 3969 α
841 3903 1356 3976 Matresfamiliae
1398 3904 1482 3976 de
1518 3929 1715 3974 muro
1748 3918 2003 3974 vestem
2038 3919 2420 4000 argentum·-

283 4033 416 4100 que
455 4010 844 4103 jactabant52
861 4025 929 4082 et
963 4012 1252 4105 pectoris
1277 4010 1410 4080 fine
1442 4012 1927 4106 prominentem,
1962 4012 2168 4105 passis
2201 4013 2423 4080 mani-

283 4113 412 4184 bus
441 4116 946 4188 obtestabantur
975 4120 1348 4208 RomanoS‚
1373 4132 1450 4186 ut
1477 4118 1601 4187 sibi
1634 4131 2025 4211 parcerent3
2054 4143 2184 4187 neu
2201 4172 2221 4207 ‚
2254 4121 2425 4190 sicut

1932 4239 2071 4320 28ἰ
