3017 5042
322 531 408 562 w·

874 539 2351 565 mmmmmmmmm
2354 545 2443 568 Μ

558 707 1925 816 SUPPLEMENTUM
2024 713 2181 814 II.

416 1001 516 1046 m
556 1000 620 1044 B.
666 998 864 1045 nex.
889 1028 909 1062 ,
946 999 1006 1046 c.
1046 998 1225 1062 x1113
1261 999 1549 1047 nosram
1594 1001 1781 1048 Enrrz
1819 1001 1879 1078 tr.
1915 1002 2009 1066 11,
2053 965 2113 1048 ι’».
2165 975 2334 1051 355.

1136 1391 1248 1458 De
1287 1392 1621 1485 Navigia.

323 1551 544 1702 Non
590 1625 668 1671 ea
709 1627 898 1671 mens
936 1610 1045 1670 est'
1078 1602 1303 1688 nobiS,
1351 1615 1430 1670 ut
1482 1602 1566 1671 de
1611 1604 2035 1698 navigatione
2078 1620 2146 1674 et
2172 1609 2447 1703 navigiis

321 1735 402 1779 ex
436 1707 738 1804 'professo
776 1722 844 1776 et
880 1707 1089 1778 fusius
1117 1707 1545 1794 disseramus,
1580 1707 1696 1776 sed
1731 1709 2022 1778 breviter
2060 1725 2129 1780 et
2168 1717 2446 1808 raptim3

321 1817 412 1883 ita
446 1830 671 1884 tamen
691 1868 712 1903 ‚
755 1827 834 1881 ut
868 1812 1076 1882 lector
1123 1811 1410 1906 aliquam
1453 1812 1652 1906 hujus
1700 1816 1794 1883 rei
1838 1817 2137 1884 notitiam
2185 1817 2444 1888 habeat.

323 1924 580 1991 Caetera
615 1920 738 2014 ipsi
773 1917 1134 1988 haurienda
1165 1933 1319 1988 sunt
1346 1942 1426 1986 ex
1453 1918 1747 1988 fontibus
1782 1920 2163 2010 uberrimis,
2199 1925 2335 1992 scil.
2368 1951 2449 1996 ex
2486 1995 2491 2000 ,

323 2029 417 2097 rei
452 2027 833 2120 antiquariae
869 2024 1329 2119 scriptoribuS‚
1358 2048 1435 2094 ac
1463 2027 1829 2120 praesertim
1854 2052 1937 2094 ex
1975 2026 2451 2119 celeberrimiS,

323 2132 587 2227 Bayfio,
630 2130 1005 2217 Scheffem,
1047 2131 1129 2200 de
1167 2155 1238 2199 re
1281 2129 1529 2219 navali3
1573 2133 1661 2200 D.
1701 2131 2187 2226 Montfaueon
2232 2143 2449 2232 antiq.

323 2239 504 2334 expl.
541 2254 586 2306 t.
619 2241 752 2321 IV,
790 2263 828 2307 2
839 2225 1109 2333 epam,
1137 2253 1210 2305 et
1224 2239 1443 2333 suppl.
1481 2252 1527 2304 t.
1556 2241 1693 2324 IV,·
1732 2242 1804 2308 V
1800 2240 2200 2308 zuckelman
2232 2248 2449 2337 antiq.

325 2349 391 2414 E
391 2335 829 2440 neyclopedte
857 2335 1308 2438 me'thodt'que,
1347 2347 1563 2437 antiq.
1548 2395 1590 2429 .,
1621 2359 1666 2412 t.
1691 2348 1825 2430 IV,
1850 2361 1982 2413 art.
2012 2351 2305 2434 navires,
2323 2363 2446 2417 etc.

427 2454 537 2520 De
579 2450 833 2546 origine
864 2450 1300 2546 navigationis
1330 2447 1539 2518 multa
1578 2450 1757 2519 docti
1786 2451 2191 2520 disseruere.
2223 2468 2448 2522 utrum

325 2572 476 2626 ante
492 2611 513 2645 ‚
537 2581 624 2624 an
652 2571 805 2651 post
832 2554 1154 2624 diluvium
1183 2553 1379 2624 nata?
1405 2555 1537 2626 Sed
1564 2556 1724 2650 quid
1753 2557 2066 2627 interest?
2082 2557 2208 2627 Vel
2231 2552 2367 2627 ab
2349 2586 2445 2628 m-

328 2659 672 2733 cunabulis
730 2661 962 2732 mundi
1013 2661 1409 2730 fluctuantes
1464 2662 1685 2730 trabes
1740 2662 2052 2732 viderunt
2092 2664 2393 2734 homines
2430 2693 2449 2750 ;

324 2785 390 2838 et
426 2769 588 2864 quid
631 2767 920 2856 facilius,
959 2791 1159 2862 quam
1194 2768 1486 2862 equitare
1541 2768 1724 2861 prius
1766 2769 1834 2836 in
1880 2769 2006 2855 εἰς,
2047 2783 2113 2836 et
2148 2771 2325 2838 rivos
2361 2773 2449 2840 ita

321 2877 631 2959 transire,
670 2874 944 2969 pedibus
979 2899 1315 2943 remorum
1355 2875 1534 2941 vices
1566 2872 1984 2966 gerentibus?
2006 2873 2187 2962 Quid
2218 2873 2455 2945 deinde

323 2984 555 3068 vetuit,
572 2981 732 3075 quin
755 2980 1052 3075 pluribus
1072 2979 1370 3048 trabibus
1389 2989 1523 3047 u'na
1533 2978 1778 3071 junctis
1802 2981 1903 3048 usi
1922 2995 2141 3048 essent
2155 3034 2175 3068 ,
2192 2996 2268 3050 ut
2285 2973 2456 3052 rates

322 3085 766 3184 pararentur?
800 3089 1113 3155 Innantes
1145 3087 1212 3153 in
1252 3109 1425 3180 aqua
1461 3098 1747 3190 crateres
1774 3110 1851 3155 ac
1888 3087 2171 3181 scyphos
2208 3086 2456 3183 ligneos

325 3195 671 3281 viderunt,
703 3207 772 3261 et
805 3193 874 3260 in
909 3205 1223 3287 promptu
1251 3217 1334 3260 ex
1360 3192 1611 3260 truncis
1638 3191 1952 3260 arborum
1989 3193 2267 3288 scaphas
2298 3220 2455 3263 con·

327 3302 684 3370 einnavere
705 3322 930 3369 cavas:
953 3312 1020 3366 et
1041 3322 1120 3368 ea
1139 3323 1293 3368 sane
1322 3297 1446 3365 fuit
1465 3295 1571 3366 vel
1594 3311 1747 3366 ante
1774 3298 2093 3366 diluvium
2110 3352 2130 3386 ‚
2146 3314 2225 3367 ut
2245 3302 2458 3369 innuit

327 3409 412 3478 D.
450 3404 980 3524 Montsaucon,
1015 3405 1448 3498 navigationis
1485 3404 1711 3497 origo:
1748 3419 1985 3473 caetera
2009 3429 2091 3472 ex
2119 3405 2456 3500 Mytholo-

328 3538 569 3608 gorum
601 3511 870 3581 somniis
904 3509 1290 3604 procedunt.

435 3619 662 3688 Prima
699 3617 899 3712 igitur
939 3618 1202 3741 navigia
1239 3615 1574 3702 trabibus,
1612 3615 1847 3710 tigniS‚
1890 3613 2259 3710 tabulisque
2300 3641 2457 3686 con-

330 3727 684 3794 stiterunt:
719 3727 934 3792 Rates
947 3727 1249 3818 primum
1275 3737 1347 3790 et
1377 3725 1918 3816 antiqwkst'mum
1955 3745 2172 3814 genus
2206 3727 2468 3818 navigit

331 3857 370 3898 e
396 3829 678 3900 rudibus
713 3831 916 3924 lignis
951 3828 1424 3921 asseribusque
1458 3843 1856 3896 consertum.
1888 3825 2119 3895 Isidor.
2155 3828 2353 3915 XIX,
2401 3853 2426 3898 1
2444 3853 2480 3897 .·

337 3935 721 4024 Quintilian.
768 3934 806 4003 l.
846 3937 945 4023 X,
1005 3961 1044 4008 2
1105 3960 1120 4002 ε
1168 3958 1228 4003 sz
1278 3957 1473 4002 nemo
1495 3935 1665 4056 plus
1708 3932 2062 4023 effecisset
2098 3956 2217 4020 e0,
2263 3959 2459 4028 quem

334 4042 796 4162 sequebatur,
844 4041 1072 4112 adhuc
1120 4039 1385 4109 ratibus
1443 4044 1937 4132 navigaremus.
1992 4040 2083 4106 Et
2130 4038 2196 4107 id
2254 4065 2459 4136 genus

338 4150 610 4244 navigii,
635 4147 861 4242 quod
845 4173 984 4242 ipse
1014 4160 1404 4241 usurpatum
1431 4143 1813 4237 frequenter
1837 4143 2025 4213 vidi
2008 4169 2077 4212 m
2108 4146 2371 4214 Austria
2396 4161 2465 4214 et

2004 4253 2095 4352 4.
