3017 5042
598 414 765 508 ,146
1089 415 1551 486 NOTITIA
1616 416 2299 484 LITTERARIA

606 550 933 646 reperisse
985 563 1284 617 testatur.
1324 546 1638 617 Nicolaus
1689 571 1853 616 vero
1903 550 2274 643 Bergierius
2316 550 2388 618 in
2441 553 2768 647 praeelaro

606 683 810 754 opere
849 656 929 725 de
962 654 1243 750 publicis
1281 669 1348 724 et
1383 653 1779 723 militaribus
1818 656 2281 724 Romanorum
2312 658 2438 726 viis
2461 657 2594 727 lib.
2623 664 2767 750 ΙΙΙ,

605 794 661 838 c.
703 763 750 834 6
774 819 793 852 ‚
835 788 971 832 non
1017 761 1275 831 dubitat
1311 760 1827 856 descriptionem
1866 760 2046 830 orbis
2086 761 2332 832 factam
2377 767 2766 862 scriptoque

604 875 933 969 signatam
973 893 1115 938 esse
1153 868 1277 938 sub
1308 869 1590 938 Caesaris
1629 869 1766 962 jam
1796 883 1864 937 et
1894 871 2177 964 Augusti
2198 871 2579 967 principatu
2598 927 2619 960 ‚
2645 875 2766 942 sed

604 993 868 1048 auctam
898 974 1136 1046 deinde
1178 974 1300 1044 sub
1333 975 1720 1063 AntoniniS‚
1749 975 2035 1070 denique
2070 976 2158 1044 ab
2188 976 2458 1046 AEthico
2487 982 2769 1049 recensi-

603 1100 741 1155 tam
778 1098 848 1153 et
886 1109 1011 1178 pro
1050 1082 1149 1151 sui
1186 1080 1431 1176 ingenii
1474 1105 1554 1150 ac
1596 1096 1979 1177 temporum
2007 1082 2210 1152 modo
2246 1098 2512 1153 auctam
2533 1139 2553 1176 ‚
2590 1087 2771 1156 stilo-

602 1219 732 1290 que
761 1217 882 1260 suo
926 1205 993 1259 et
1021 1190 1306 1283 tempori
1340 1202 1655 1282 aptatam.

709 1297 909 1392 Apud
957 1295 1351 1365 Galfredum
1408 1296 2041 1366 Monemuthensem
2097 1296 2165 1364 in
2221 1297 2518 1367 Historia
2559 1299 2775 1370 Brito—

605 1433 768 1475 num
815 1403 921 1472 lib.
962 1406 1028 1490 I,
1074 1428 1138 1497 p.
1186 1425 1367 1491 xxm,
1408 1399 1561 1470 edit.
1596 1404 1804 1472 Paris,
1851 1418 1920 1471 et
1962 1401 2075 1470 lib.
2124 1405 2260 1492 IV,
2295 1429 2440 1499 cap.
2493 1432 2575 1494 2,
2608 1405 2767 1476 edit.

605 1508 999 1584 Commelin.
1039 1535 1103 1604 p.
1149 1513 1281 1596 24,
1320 1510 1465 1578 haec
1507 1523 1722 1579 exstat
1752 1508 2181 1580 Cassibellani
2203 1512 2555 1580 Britonum
2593 1515 2774 1608 regis

604 1622 875 1713 nomine
920 1617 1005 1685 ad
1039 1615 1289 1685 Julium
1334 1617 1667 1685 Caesarem
1703 1615 2001 1711 epistola.
2046 1616 2775 1691 CASSIBELLANUS

604 1730 954 1796 Britonum
994 1725 1139 1792 Rex
1184 1725 1260 1791 C.
1306 1721 1484 1792 Julio
1533 1724 1777 1792 Caesari
1818 1749 1833 1792 :
1887 1753 1922 1788 «
1971 1723 2280 1792 Miranda
2327 1739 2464 1812 est,
2507 1728 2778 1816 Caesar,

604 1832 839 1931 populi
875 1832 1134 1900 romani
1170 1830 1497 1925 cupiditas
1526 1884 1545 1917 ,
1585 1829 1908 1923 quidquid
1950 1844 2052 1898 est
2091 1832 2237 1899 auri
2278 1845 2345 1899 et
2381 1833 2641 1927 argenti
2678 1836 2773 1902 si-

605 1943 779 2010 tiens
817 1965 838 2008 .·
871 1939 1102 2033 nequit
1138 1947 1273 2005 nos'
1300 1938 1473 2004 intra
1500 1934 1799 2030 pericula
1844 1937 2098 2006 Oceani
2133 1951 2320 2006 extra
2360 1938 2594 2007 orbem
2639 1966 2776 2036 po-

608 2049 768 2117 sitos
807 2047 975 2140 pati,
1022 2045 1180 2137 quia
1215 2067 1450 2111 census
1488 2058 1756 2112 nostros
1796 2057 2111 2138 appetere
2153 2060 2515 2139 praesumat
2536 2099 2557 2133 ‚
2602 2071 2777 2140 quos

605 2155 934 2222 hactenus
961 2153 1185 2245 quiete
1216 2149 1650 2244 possidemus.
1689 2152 1835 2218 Nec
1864 2151 1996 2219 hoc
2023 2150 2289 2245 quidem
2327 2151 2610 2237 sufficit,
2647 2157 2779 2225 nisi

609 2260 980 2355 postposita
1023 2254 1325 2325 libertate
1371 2256 1850 2348 subjectionem
1893 2259 1954 2326 ei
1989 2255 2344 2346 faciamus,
2379 2274 2780 2354 perpetuam

614 2367 1003 2436 servitutem
1036 2363 1361 2431 servituri.
1386 2363 1849 2456 Opprobrium
1864 2365 2086 2458 itaque
2105 2364 2225 2437 tibi
2243 2365 2499 2459 petisti,
2520 2367 2782 2455 Caesar,
2854 2417 2859 2422 -

616 2497 823 2568 quum
856 2472 1229 2540 communis
1260 2469 1624 2538 nobilitatis
1642 2494 1814 2539 vena
1838 2465 2222 2541 Britonibu's
2259 2485 2326 2540 et
2343 2473 2667 2542 Romanis
2699 2475 2782 2543 ab

616 2582 825 2648 AEnea
860 2576 1142 2664 defluat,
1168 2591 1233 2645 et
1256 2576 1552 2670 ejusdem
1578 2579 1989 2671 cognationis
2020 2603 2154 2647 una
2192 2592 2259 2647 et
2289 2577 2518 2648 eadem
2543 2594 2786 2650 catena

615 2683 1042 2782 praefulgeat,
1088 2708 1217 2777 qua
1262 2708 1385 2779 per
1422 2684 1688 2752 firmam
1727 2686 2084 2754 amicitiam
2125 2686 2440 2781 conjungi
2482 2684 2781 2758 deberet.

614 2792 744 2862 Illa
786 2793 991 2887 igitur
1026 2815 1065 2858 a
1096 2791 1291 2858 nobis
1330 2806 1502 2860 esset
1546 2791 1868 2886 petenda,
1899 2817 2037 2861 non
2066 2794 2366 2861 servitus.
2394 2793 2572 2881 Quia
2600 2797 2781 2867 enim

606 2897 995 2968 'libertatem
1042 2899 1263 2991 potius
1306 2923 1507 2990 quam
1549 2899 1882 2966 servitutis
1904 2897 2143 2993 jugum
2183 2898 2356 2968 ferre
2398 2898 2783 2991 didicimuS,

622 3029 901 3097 eamque
925 3006 991 3071 in
1015 3018 1275 3072 tantum
1306 3006 1776 3073 consuevimus
1799 3005 2051 3075 habere
2066 3060 2085 3093 ,
2103 3005 2286 3100 quod
2305 3007 2570 3100 penitus
2597 3008 2784 3102 igno-

622 3137 848 3179 ramus
890 3109 1047 3204 quid
1091 3112 1174 3178 sit
1220 3112 1522 3179 servituti
1566 3111 1871 3198 obedire,
1909 3136 2109 3207 quam
2151 3114 2204 3181 si
2245 3115 2365 3209 ipsi
2409 3115 2523 3182 Dii
2568 3139 2782 3184 cona·

613 3233 858 3312 'rentur
894 3217 1089 3285 nobis
1133 3220 1420 3322 eripere,
1446 3216 1938 3288 elaboraremus
1974 3221 2204 3313 utique
2233 3221 2415 3289 omni
2444 3221 2594 3289 nisu
2633 3224 2784 3292 resi·
2882 3213 2891 3220 ”

625 3341 831 3424 steret,
862 3339 938 3393 ut
968 3348 1115 3392 eam
1148 3325 1603 3392 retineremus
1625 3326 1909 3418 Liqueat
1939 3328 2141 3421 igitur
2168 3327 2587 3421 dispositioni
2619 3342 2781 3418 tuae,

620 3420 889 3518 Caesar,
920 3456 1043 3499 nos
1078 3455 1203 3525 pro
1246 3429 1355 3499 illa
1401 3445 1468 3498 et
1502 3455 1629 3524 pro
1667 3456 1874 3525 regno
1917 3446 2150 3502 nostro
2190 3447 2606 3529 pugnaturos
2632 3484 2650 3519 ‚
2695 3437 2785 3522 si,

625 3553 703 3628 ut
728 3618 735 3622 ⁴
762 3539 1203 3606 comminatus
1245 3561 1349 3620 es,
1406 3539 1576 3604 intra
1630 3537 1913 3606 insulam
1957 3541 2312 3610 Britanniae
2353 3543 2784 3634 supervenire

629 3647 977 3739 inceperis,
1018 3673 1051 3708 >³
1096 3645 1324 3712 Minus
1362 3647 1822 3737 antiquitatem
1857 3647 2064 3739 spirat
2104 3645 2383 3741 epistola
2421 3649 2783 3716 Scotorum

628 3756 1101 3845 Pictorumque
1156 3775 1387 3844 regum
1446 3753 1719 3819 nomine
1772 3752 1857 3821 ad
1910 3755 2240 3822 Caesarem
2299 3755 2585 3847 scripta,
2635 3779 2784 3849 quae

632 3875 846 3928 exstat
870 3858 1049 3953 apud
1071 3860 1108 3925 J
1112 3881 1395 3926 oannem
1418 3858 1720 3946 Fordun,
1750 3857 1864 3926 lib.
1896 3859 1966 3928 II
1992 3861 2524 3947 Scotochronici‚
2551 3885 2608 3928 c.
2650 3886 2678 3931 1
2701 3859 2742 3931 5
2765 3915 2784 3948 ‚

628 3991 697 4060 p.
748 3963 930 4062 595,
976 3968 1377 4059 scriptorum
1423 3968 1557 4035 XV
1601 3965 1931 4036 editorum
1961 3991 2007 4057 a·
2034 3967 2297 4036 Thoma
2337 3966 2566 4038 Galeo.
