3017 5042
702 435 918 505 VEL
969 434 1903 507 DISSERTATIONES.
2264 441 2361 538 67

239 565 634 666 pugnaculis
649 619 668 654 ‚
701 592 850 660 quae
868 581 1076 636 totam
1101 567 1238 639 fere
1263 569 1490 638 navim
1509 570 1831 662 superiori
1848 584 2033 662 parte
2050 571 2367 645 ambiunt.

241 680 456 771 Super
505 672 1084 743 catastromatibus
1137 674 1563 766 erigebantur
1614 689 1829 744 turres
1849 728 1869 762 ‚
1931 681 2290 770 praesertim
2333 706 2375 752 a

237 782 592 868 Romanis,
610 794 687 846 ut
708 778 931 848 videre
963 778 1114 848 licet
1147 779 1326 872 apud
1343 781 1575 874 Veget.
1609 779 1649 848 l.
1678 781 1812 868 IV,
1833 805 1887 848 c.
1921 785 2053 868 44,
2078 797 2145 852 et
2170 787 2372 855 Dion.

235 887 274 957 l.
303 884 757 958 XLIX.Plin.
785 883 1146 970 LXXXII,
1173 910 1230 954 c.
1275 909 1354 954 1:
1387 889 1710 959 Armatae
1736 888 1994 957 classes
2022 894 2375 983 l‘tnponwzt

237 994 368 1064 sibi
389 997 676 1062 turritan
688 993 1262 1087 propugnacula,
1296 1007 1376 1062 ut
1411 998 1483 1060 ia
1509 997 1690 1062 mari
1706 1018 1976 1087 quoque
1983 1011 2371 1089 pugnetur,

238 1102 432 1169 velut
467 1124 508 1166 e
549 1102 777 1169 muris.
812 1098 917 1166 Ab
953 1112 1233 1191 utroque
1256 1097 1458 1170 latere
1478 1152 1500 1185 ‚
1540 1097 1677 1169 scil.
1712 1123 1753 1166 a
1785 1125 1984 1193 prora
2003 1114 2071 1168 et
2098 1125 2139 1180 a
2165 1104 2375 1195 puppi

240 1205 519 1274 excitari
571 1203 908 1290 solebant,
957 1203 1072 1272 sed
1117 1201 1294 1276 leves
1340 1217 1631 1292 tantum,
1684 1219 1753 1274 et
1794 1205 1881 1274 ad
1935 1221 2194 1301 tempus
2215 1261 2234 1293 ‚
2284 1233 2377 1276 eae

244 1312 558 1396 demum,
595 1335 744 1402 quae
785 1307 1053 1378 dissolvi
1105 1309 1292 1384 facile
1335 1325 1645 1404 possent,
1680 1325 1795 1380 aut
1842 1315 2127 1402 exstrui²
2170 1338 2377 1405 quum

246 1443 344 1488 res
365 1430 692 1511 posceret.
725 1415 920 1486 Clare
941 1417 1207 1489 Servius
1229 1415 1314 1484 ad
1345 1416 1525 1486 hunc
1544 1416 1805 1510 Virgilii
1836 1417 2056 1493 locum
2073 1473 2093 1506 ‚
2124 1409 2376 1488 AEneid.

245 1522 282 1591 l.
315 1525 492 1593 VIII
513 1575 534 1608 ‚
574 1547 635 1589 v.
665 1519 816 1615 693
845 1545 860 1588 z

566 1699 754 1752 Tanta
785 1693 942 1752 mole
974 1693 1086 1751 viri
1118 1693 1345 1751 uari-itis
1376 1694 1681 1771 puppibus
1711 1695 1947 1752 instant.

245 1867 352 1932 De
407 1861 743 1930 tabulatis
793 1861 1014 1930 subito
1060 1866 1410 1954 erzgzmtur
1419 1915 1442 1948 ,
1506 1867 1609 1929 ait
1626 1916 1649 1947 ‚
1706 1865 1910 1932 simul
1956 1888 2046 1932 ac
2106 1881 2380 1932 ventum

247 1985 352 2038 est
377 1975 452 2038 in
464 1970 790 2064 proelium
809 2022 831 2054 ‚
866 1983 1081 2035 turres
1108 1967 1411 2036 hostibus
1437 1973 1821 2062 improvzsoe
1836 1997 1865 2057 ,-
1890 1973 1960 2037 in
1989 1971 2380 2062 navigando

245 2091 450 2144 erant
483 2075 796 2143 occultoe.
829 2071 1016 2144 Inter
1041 2072 1225 2142 arma
1255 2075 1442 2142 navis
1469 2088 1613 2142 erat
1644 2098 1909 2167 quoque
1939 2075 2203 2170 delphis
2221 2128 2242 2160 ,
2266 2097 2385 2143 seu

249 2179 629 2276 delphinuS,
654 2182 1165 2248 instrumentum
1184 2181 1519 2272 pertinens
1540 2179 1623 2247 ad
1642 2203 1898 2274 pugnas
1912 2179 2198 2248 navales,
2232 2181 2385 2249 Fuit

247 2303 473 2356 autem
492 2311 706 2354 massa
728 2285 1042 2380 ponderis
1067 2287 1352 2377 ingentis
1367 2339 1386 2370 ‚
1410 2307 1488 2368 ac
1518 2285 1695 2354 ferro
1718 2285 1825 2356 vel
1854 2286 2130 2382 plumbo
2159 2289 2227 2354 in
2256 2285 2382 2357 del·

247 2393 439 2488 phini
464 2392 758 2485 effigiem.
784 2391 1100 2475 formata,
1125 2413 1327 2483 quam
1357 2415 1438 2457 ex
1471 2405 1761 2462 antenna
1776 2444 1794 2477 ,
1818 2395 1961 2460 sive
1993 2392 2169 2460 malo
2194 2393 2380 2460 navis

247 2498 652 2595 pendentem
666 2551 685 2584 ,
705 2497 1102 2590 funibusque
1133 2511 1200 2564 et
1221 2495 1452 2565 rotulis
1475 2495 1815 2591 religatam
1830 2551 1851 2583 ‚
1878 2499 1948 2566 in
1970 2497 2241 2568 hostiles
2264 2521 2381 2566 na-

247 2632 362 2675 ves
380 2604 808 2698 dejiciebant,
824 2618 1021 2696 atque
1039 2626 1117 2670 ea
1134 2605 1358 2670 navim
1373 2601 1477 2670 vel
1497 2604 1886 2697 mergebant
1903 2606 1971 2670 in
1990 2627 2229 2696 aquam
2241 2656 2261 2689 ‚
2273 2603 2379 2671 vel

251 2711 700 2808 perforabant.
721 2710 1147 2780 Pherecrates
1167 2709 1237 2774 in
1269 2707 1504 2795 Suida,
1524 2733 1610 2776 ex
1642 2710 2023 2778 recensione
2042 2707 2379 2777 Salmasii.
2364 2735 2379 2747 ·

301 2881 362 2962 Ο
403 2884 475 2958 δὲ
515 2884 594 2966 δὴ
635 2883 838 2982 δελφὶς
879 2889 1012 2959 ἐστὶ
1054 2882 1399 2981 μολυὲδοῢς
1429 2881 1857 2990 δελφινοφᾷρος
1888 2915 1955 2954 τε
1988 2898 2272 2981 κεροῢχος

301 2985 394 3078 ὸς
420 2991 722 3088 διακόψει
771 2987 1080 3086 τοῦδαφος
1117 3000 1318 3064 αὐτῶν
1365 2995 1685 3086 ἐμπίπτων
1732 2995 1835 3065 καὶ
1870 2987 2217 3068 καταδύων.

255 3187 518 3254 Omitto
551 3206 788 3253 corvos
826 3197 894 3250 et
926 3181 1344 3274 harpagonas
1383 3181 1539 3248 satis
1575 3178 1680 3254 vel
1721 3177 2045 3247 tironibus
2082 3194 2295 3248 notos.

357 3293 793 3359 Armamenta
861 3311 1057 3370 vero,
1101 3311 1246 3384 quae
1305 3285 1387 3352 ad
1437 3285 1939 3387 remigationem
2000 3272 2335 3380 pertinent
2360 3339 2379 3372 ‚

257 3411 412 3466 sunt
457 3409 786 3481 transtra,
837 3395 905 3460 in
955 3391 1196 3485 quibus
1253 3393 1535 3485 remiges
1586 3389 1973 3478 consident,
2022 3393 2113 3458 sic
2153 3389 2331 3462 dicta
2359 3443 2378 3478 ‚

256 3505 575 3598 quoniam
627 3526 666 3568 a
722 3499 924 3568 latere
962 3501 1031 3564 in
1076 3497 1246 3566 latus
1284 3522 1406 3592 per
1443 3511 1891 3565 transversum
1940 3497 2377 3594 ponebantur.

255 3606 493 3706 Virgil.
525 3607 566 3675 l.
589 3609 673 3676 V.
709 3607 852 3673 AEn.
901 3599 1045 3700 837
1069 3658 1088 3693 ‚
1119 3629 1194 3671 ea
1221 3618 1419 3672 vocat
1444 3603 1624 3672 dura
1650 3603 1934 3672 sedilia:
1966 3616 2143 3670 recte
2174 3601 2381 3690 dura3

175 3747 187 3762 ·
259 3729 478 3810 neque
514 3714 690 3781 enim
725 3711 1004 3798 lectum,
1031 3708 1136 3778 vel
1164 3710 1322 3814 quid
1362 3708 1539 3776 aliud
1577 3711 1791 3778 somni
1826 3732 2025 3781 ‚causa
2051 3706 2385 3775 debebant

262 3821 682 3889 substernere
705 3872 724 3907 ‚
764 3819 1006 3915 quippe
1034 3809 1212 3909 quod
1232 3814 1490 3884 mollius
1513 3816 1907 3902 haberetur,
1936 3837 2134 3906 quam
2159 3826 2233 3879 ut
2260 3812 2383 3908 mi-

261 3923 484 3996 litibus
525 3940 593 3994 et
634 3925 849 3993 nautis
889 3924 1305 4009 conveniret3
1347 3922 1547 4017 igitur
1583 3935 1649 3988 et
1676 3922 1993 3991 sedebant
2022 3933 2089 3986 et
2128 3943 2384 3988 recum-

265 4030 516 4103 bebant
560 4031 674 4100 diu
717 4045 1047 4124 noctuque
1083 4029 1362 4125 remiges
1369 3975 1473 4094 net
1515 4042 1731 4096 nautae
1776 4051 1896 4122 per
1931 4025 2109 4094 dura
2154 4025 2397 4096 sedilia

1971 4155 2052 4227 52
