3017 5042
857 453 1729 527 GEOGRAPmcus.
2225 482 2360 558 171

255 586 564 659 flumenta
589 600 660 656 et
691 585 820 656 alia
849 586 934 657 ad
977 586 1225 657 bellum
1269 590 1673 685 pertinentia
1709 606 2092 663 constanter
2131 620 2373 691 suppe-

251 696 552 767 ditavere:
578 692 778 764 iidem
795 694 1046 765 deliciis
1063 710 1262 790 atque
1279 695 1733 793 voluptatibus
1752 698 1987 785 dediti3
2008 724 2163 769 nam
2176 755 2195 789 ‚
2215 728 2375 797 prae-

251 818 526 899 terquam
565 802 747 897 quod
785 816 942 872 ante
972 804 1253 873 Caesaris
1285 804 1657 873 adventum
1686 806 1887 875 armis
1912 809 2373 879 Arvernorum

247 926 310 991 et
341 914 796 1006 Sequanorum
837 911 998 979 victi
1043 909 1312 979 fuerant
1329 966 1348 999 ‚
1381 912 1844 1008 postmodum,
1894 928 2061 984 teste
2106 917 2371 1001 Tacito,

248 1043 430 1114 quum
463 1032 690 1089 motus
715 1018 786 1085 in
806 1016 1036 1088 Galliis
1065 1016 1190 1087 sub
1208 1018 1476 1089 Tiberio
1492 1021 1800 1115 Augusto
1826 1036 2094 1091 exortos
2116 1036 2373 1112 narrat,

243 1124 418 1196 Silius
431 1124 517 1194 ad
533 1123 774 1195 milites
791 1124 886 1194 ait
901 1128 1085 1194 :Una
1099 1149 1368 1221 semper
1383 1127 1629 1195 cohors
1644 1127 1962 1198 rebellem
1974 1132 2365 1215 Turonium,

243 1256 370 1301 una
399 1234 526 1301 ala
561 1234 906 1303 wem-um
923 1284 944 1317 ,
974 1255 1236 1329 paucae
1267 1233 1470 1325 hujus
1502 1239 1717 1329 {iusim
1748 1221 2091 1305 exercitus
2130 1242 2376 1305 tu'rmae

237 1338 680 1438 profligavere
734 1340 1098 1434 Sequanos
1133 1364 1154 1409 .·
1203 1356 1468 1435 quanto
1507 1348 1819 1437 pecunia
1876 1343 2114 1413 divites
2148 1360 2223 1412 et
2252 1368 2375 1413 vo-

241 1446 606 1542 luptatibus
638 1448 1032 1541 opulentos,
1067 1462 1268 1517 tanto
1298 1452 1523 1543 mageis
1558 1448 1862 1519 imbelles
1894 1452 2166 1521 AEnuos
2196 1455 2376 1521 evin-

241 1559 370 1623 cite.
402 1558 586 1649 Ager
621 1574 864 1623 eorum
896 1552 1338 1624 feracissimus
1374 1558 1740 1650 praesertim
1781 1557 2099 1627 frumenti
2130 1548 2380 1645 (hodie

239 1684 358 1729 non
394 1662 558 1730 item
588 1654 616 1751 )
653 1686 668 1727 :
715 1684 870 1729 nam
916 1674 1064 1729 erat
1097 1660 1304 1731 veluti
1347 1662 1668 1731 horreum
1707 1664 2026 1733 exercitui
2064 1688 2378 1751 romano,

239 1782 580 1863 antequam
640 1768 852 1836 vineae
887 1765 1150 1837 cultura
1197 1792 1517 1863 agrorum
1558 1771 1917 1838 maximam
1951 1784 2213 1863 partem
2258 1796 2379 1841 oc-

235 1890 514 1969 cuparet.
564 1874 992 1943 Commercio
1028 1875 1297 1963 intenti,
1329 1888 1397 1943 et
1423 1875 1694 1968 quidem
1732 1876 2199 1946 florentissimo
2224 1931 2243 1964 ‚
2280 1878 2377 1945 vi·

231 1980 462 2050 dentur
491 1980 654 2050 olim
695 1980 897 2049 fuisse
939 1980 1172 2066 AEdui3
1213 1981 1349 2050 duo
1379 1984 1595 2069 enim,
1636 1984 1814 2051 inter
1852 1982 2014 2071 alia,
2038 1984 2379 2053 habebant

233 2090 518 2183 emporia
552 2088 714 2159 satis-
753 2101 912 2157 nota
931 2140 952 2175 ‚
993 2087 1245 2159 seilicet
1287 2088 1711 2159 Cabillonum
1772 2103 1840 2159 et
1873 2089 2375 2160 Noviodunum.
2489 2088 2495 2094 ’

233 2195 532 2283 Quantus
581 2208 806 2263 autem
861 2193 1060 2263 fuerit
1117 2220 1438 2266 numerus
1492 2196 1847 2266 hominum
1893 2198 2069 2266 hanc
2118 2211 2381 2293 partem

233 2300 456 2371 Galliae
485 2300 955 2389 incolentium,
988 2304 1298 2383 aestimari
1326 2318 1550 2399 potest
1574 2330 1655 2373 ex
1682 2328 1763 2373 eo
1800 2304 1984 2398 quod
2014 2304 2098 2375 ad
2128 2302 2377 2372 bellum

227 2408 788 2503 Vercingetorigis
828 2408 1148 2479 adversus
1189 2412 1568 2499 Romanos,
1610 2416 1685 2481 B.
1722 2415 1805 2483 G.
1846 2409 1887 2479 l.
1929 2435 2071 2500 vn,
2104 2412 2378 2480 XXXV

231 2514 428 2585 millia
473 2529 888 2586 armatorum
932 2539 1087 2585 cum
1131 2518 1266 2587 suis
1317 2518 1669 2589 clientibus
1718 2520 2039 2587 miserint.
2080 2519 2285 2607 Quod
2328 2520 2381 2586 si

227 2646 427 2691 unum
460 2647 589 2717 pro
618 2622 852 2693 decem
885 2625 1223 2719 acceperis
1244 2678 1262 2712 ‚
1287 2624 1537 2694 efficies
1573 2648 1903 2693 summam
1934 2626 2177 2694 CCCL
2214 2623 2376 2693 mill'.

225 2726 397 2799 hom.
445 2728 536 2797 ad
559 2728 810 2798 bellum
847 2744 1271 2824 paratorum3
1313 2733 1422 2800 cui
1464 2754 1749 2799 numero
1784 2732 1837 2799 si
1878 2729 2213 2826 duplicem
2254 2755 2381 2826 pro

227 2834 547 2925 firminis,
576 2837 800 2931 pueris
818 2890 838 2922 ‚
873 2836 1244 2906 senioribus
1275 2838 1557 2907 infirmis
1594 2830 1623 2927 (
1650 2862 1808 2906 nam
1846 2839 2139 2907 seniores
2182 2836 2384 2905 validi

227 2942 526 3013 militiam
560 2967 700 3011 non
742 2935 1256 3032 detrectabant)
1301 2944 1654 3039 adjeceris,
1680 2942 1987 3039 implebis
2024 2956 2381 3013 numerum

227 3048 444 3120 decies
471 3064 744 3139 centum
785 3048 1030 3139 millia,
1065 3076 1219 3121 cum
1257 3052 1740 3147 quinquaginta
1779 3050 2071 3121 millibus
2096 3105 2115 3138 ‚
2154 3052 2381 3120 homi-

226 3180 384 3228 num
411 3158 483 3225 in
510 3157 630 3226 hisz
647 3158 1028 3253 regionibus
1056 3158 1461 3253 degentium.
1493 3162 1804 3229 Fortasse
1831 3160 2031 3228 etiam
2060 3184 2381 3228 numerus

229 3263 402 3334 idem
429 3278 658 3359 posset
681 3262 880 3338 latius
909 3256 1198 3361 proferri
1224 3266 1652 3336 :conferatur
1672 3267 2045 3337 dissertatio
2083 3267 2165 3336 de
2193 3269 2380 3337 GAL-

232 3393 347 3441 ua
379 3384 454 3441 et
498 3374 816 3460 GALL1s3
847 3387 1006 3446 tom.
1063 3397 1091 3442 1
1115 3426 1135 3460 ,
1171 3398 1236 3469 p.
1285 3373 1463 3459 481.

189 3465 198 3493 ¹
330 3479 760 3549 Ecum-Unus
797 3472 908 3569 (B.
943 3480 1089 3549 Afr.
1129 3504 1189 3549 c.
1225 3484 1326 3566 4-4
1341 3472 1393 3569 ).
1438 3480 1649 3551 Africi
1680 3481 1885 3563 maris
1916 3479 2162 3569 insula,
2201 3480 2383 3549 haud

231 3582 470 3679 pnocul
514 3586 852 3655 acosma
872 3640 892 3675 ‚
925 3601 995 3656 et
1021 3585 1253 3657 Sicilia
1301 3587 1595 3675 dist-am,
1632 3612 1789 3657 cum
1827 3587 1969 3683 aliis
2013 3586 2243 3657 insulis
2281 3612 2379 3657 se-

231 3692 532 3781 eundum
573 3694 970 3763 Strabonem
991 3747 1010 3782 ‚
1054 3692 1096 3761 l.
1145 3718 1338 3789 xvn,
1385 3686 1504 3789 (p.
1559 3692 1713 3782 834
1756 3694 1912 3764 edit.
1960 3696 2163 3763 Paris.
2204 3716 2383 3763 anno

243 3798 464 3871 1620.
488 3790 517 3888 )
545 3801 636 3870 At
661 3800 944 3891 Plinius,
971 3800 1110 3891 bv,
1141 3826 1197 3870 c.
1238 3826 1318 3898 7:
1356 3804 1617 3874 Contra
1654 3802 2101 3896 Carthaginzls
2122 3806 2377 3891 sinum,

230 3905 391 3977 duce
415 3910 773 4003 AEgz'mori
811 3932 964 3979 arce
975 3964 998 3997 ,
1039 3910 1310 4005 scopuli
1338 3914 1569 3985 ‘verius
1620 3932 1831 4004 quam
1880 3896 2127 3978 misulae
2140 3962 2161 3995 ,
2209 3914 2389 3979 inter

233 4012 568 4105 Siciliam*
589 4022 906 4086 mamm&
941 4032 1012 4086 et
1055 4016 1475 4089 Sardiniam.
1514 4020 1867 4087 Auctores
1918 4030 2082 4085 sunt
2132 4032 2205 4085 et
2254 4016 2388 4085 has

233 4122 586 4214 quondam
639 4124 1009 4195 ‘habitatas
1055 4122 1454 4224 subsedisse.
1509 4119 1711 4200 Unde
1760 4137 2041 4219 apparet
2082 4124 2387 4220 AEgimu-
