<?xml version="1.0" encoding="UTF-8"?>
<!DOCTYPE html PUBLIC "-//W3C//DTD XHTML 1.0 Transitional//EN"
    "http://www.w3.org/TR/xhtml1/DTD/xhtml1-transitional.dtd">
<html xmlns="http://www.w3.org/1999/xhtml" xml:lang="en" lang="en">
 <head>
  <title>
</title>
<meta http-equiv="Content-Type" content="text/html;charset=utf-8" />
  <meta name='ocr-system' content='tesseract 3.04.00' />
  <meta name='ocr-capabilities' content='ocr_page ocr_carea ocr_par ocr_line ocrx_word'/>
</head>
<body>
  <div class='ocr_page' id='page_1' title='image "./caiusjuliuscsar01unkngoog/caiusjuliuscsar01unkngoog_0034.png"; bbox 0 0 3017 5042; ppageno 0'>
   <div class='ocr_carea' id='block_1_1' title="bbox 755 493 2425 768">
    <p class='ocr_par' dir='ltr' id='par_1_1' title="bbox 755 493 2425 768">
     <span class='ocr_line' id='line_1_1' title="bbox 1011 493 2425 564; baseline 0 -2"><span class='ocrx_word' id='word_1_1' title='bbox 1011 493 1691 564; x_wconf 84' lang='lat' dir='ltr'><strong>FRAGMENTA.</strong></span> <span class='ocrx_word' id='word_1_2' title='bbox 2340 517 2425 562; x_wconf 83' lang='lat'>21</span> 
     </span>
     <span class='ocr_line' id='line_1_2' title="bbox 755 659 1947 768; baseline 0.001 -40"><span class='ocrx_word' id='word_1_3' title='bbox 755 663 825 728; x_wconf 93' lang='lat' dir='ltr'><em>E</em></span> <span class='ocrx_word' id='word_1_4' title='bbox 823 683 882 768; x_wconf 63' lang='grc' dir='ltr'>Στ</span> <span class='ocrx_word' id='word_1_5' title='bbox 915 659 1148 729; x_wconf 65' lang='lat' dir='ltr'>lis-dem</span> <span class='ocrx_word' id='word_1_6' title='bbox 1158 715 1180 748; x_wconf 90' lang='lat'>,</span> <span class='ocrx_word' id='word_1_7' title='bbox 1222 685 1363 729; x_wconf 79' lang='lat' dir='ltr'>non</span> <span class='ocrx_word' id='word_1_8' title='bbox 1405 661 1727 730; x_wconf 55' lang='lat' dir='ltr'>destincte</span> <span class='ocrx_word' id='word_1_9' title='bbox 1759 661 1947 731; x_wconf 80' lang='lat' dir='ltr'>libro.</span> 
     </span>
    </p>
   </div>
   <div class='ocr_carea' id='block_1_2' title="bbox 289 795 2435 1458">
    <p class='ocr_par' dir='ltr' id='par_1_2' title="bbox 289 795 2435 1458">
     <span class='ocr_line' id='line_1_3' title="bbox 390 795 2431 924; baseline 0 -24"><span class='ocrx_word' id='word_1_10' title='bbox 390 833 464 900; x_wconf 91' lang='lat' dir='ltr'>C.</span> <span class='ocrx_word' id='word_1_11' title='bbox 505 833 768 913; x_wconf 86' lang='lat' dir='ltr'>Caesar,</span> <span class='ocrx_word' id='word_1_12' title='bbox 809 831 1028 922; x_wconf 86' lang='lat' dir='ltr'>gravis</span> <span class='ocrx_word' id='word_1_13' title='bbox 1073 843 1309 898; x_wconf 82' lang='lat' dir='ltr'>auctor</span> <span class='ocrx_word' id='word_1_14' title='bbox 1348 795 1593 924; x_wconf 78' lang='lat' dir='ltr'>linguae</span> <span class='ocrx_word' id='word_1_15' title='bbox 1630 829 1883 916; x_wconf 81' lang='lat' dir='ltr'>latinae,</span> <span class='ocrx_word' id='word_1_16' title='bbox 1925 830 1995 897; x_wconf 91' lang='lat' dir='ltr'>in</span> <span class='ocrx_word' id='word_1_17' title='bbox 2038 827 2218 900; x_wconf 89' lang='lat' dir='ltr'>libris</span> <span class='ocrx_word' id='word_1_18' title='bbox 2254 833 2431 900; x_wconf 86' lang='lat' dir='ltr'>Ana-</span> 
     </span>
     <span class='ocr_line' id='line_1_4' title="bbox 292 927 2427 1033; baseline 0 -27"><span class='ocrx_word' id='word_1_19' title='bbox 292 937 508 1033; x_wconf 87' lang='lat' dir='ltr'>logicis</span> <span class='ocrx_word' id='word_1_20' title='bbox 551 937 778 1004; x_wconf 88' lang='lat' dir='ltr'>omnia</span> <span class='ocrx_word' id='word_1_21' title='bbox 817 934 1186 1004; x_wconf 78' lang='lat' dir='ltr'><strong>istiusmodi</strong></span> <span class='ocrx_word' id='word_1_22' title='bbox 1215 927 1436 1030; x_wconf 82' lang='lat' dir='ltr'>(puta</span> <span class='ocrx_word' id='word_1_23' title='bbox 1469 939 1769 1022; x_wconf 80' lang='lat' dir='ltr'><em>Senatu,</em></span> <span class='ocrx_word' id='word_1_24' title='bbox 1804 941 1875 1005; x_wconf 94' lang='lat' dir='ltr'><em>V</em></span> <span class='ocrx_word' id='word_1_25' title='bbox 1869 942 2045 1021; x_wconf 79' lang='lat' dir='ltr'>ictu,</span> <span class='ocrx_word' id='word_1_26' title='bbox 2082 939 2427 1032; x_wconf 80' lang='lat' dir='ltr'>Aspectu,</span> 
     </span>
     <span class='ocr_line' id='line_1_5' title="bbox 289 1038 2431 1131; baseline 0 -19"><span class='ocrx_word' id='word_1_27' title='bbox 289 1060 402 1112; x_wconf 81' lang='lat' dir='ltr'>etc.</span> <span class='ocrx_word' id='word_1_28' title='bbox 421 1038 464 1128; x_wconf 89' lang='lat'><em>)</em></span> <span class='ocrx_word' id='word_1_29' title='bbox 507 1045 646 1112; x_wconf 88' lang='lat' dir='ltr'>sine</span> <span class='ocrx_word' id='word_1_30' title='bbox 691 1047 722 1111; x_wconf 83' lang='grc' dir='ltr'>ι’</span> <span class='ocrx_word' id='word_1_31' title='bbox 752 1041 970 1110; x_wconf 88' lang='lat' dir='ltr'>littera</span> <span class='ocrx_word' id='word_1_32' title='bbox 1012 1042 1292 1112; x_wconf 89' lang='lat' dir='ltr'>dicenda</span> <span class='ocrx_word' id='word_1_33' title='bbox 1337 1057 1584 1112; x_wconf 85' lang='lat' dir='ltr'>censet.</span> <span class='ocrx_word' id='word_1_34' title='bbox 1624 1047 1751 1114; x_wconf 76' lang='lat' dir='ltr'>Ex</span> <span class='ocrx_word' id='word_1_35' title='bbox 1792 1045 1963 1114; x_wconf 84' lang='lat' dir='ltr'><em>Gell.</em></span> <span class='ocrx_word' id='word_1_36' title='bbox 2016 1042 2125 1112; x_wconf 76' lang='lat' dir='ltr'><em>lib.</em></span> <span class='ocrx_word' id='word_1_37' title='bbox 2170 1047 2293 1113; x_wconf 92' lang='lat' dir='ltr'>IV</span> <span class='ocrx_word' id='word_1_38' title='bbox 2294 1098 2317 1131; x_wconf 89' lang='lat'>,</span> <span class='ocrx_word' id='word_1_39' title='bbox 2374 1071 2431 1114; x_wconf 87' lang='lat' dir='ltr'>c.</span> 
     </span>
     <span class='ocr_line' id='line_1_6' title="bbox 301 1149 2435 1348; baseline 0 -22"><span class='ocrx_word' id='word_1_40' title='bbox 301 1149 526 1326; x_wconf 36' lang='lat' dir='ltr'><strong><em>16⁶]ch</em></strong></span> <span class='ocrx_word' id='word_1_41' title='bbox 571 1272 643 1323; x_wconf 79' lang='lat' dir='ltr'>et</span> <span class='ocrx_word' id='word_1_42' title='bbox 684 1255 838 1324; x_wconf 83' lang='lat' dir='ltr'>lzoec</span> <span class='ocrx_word' id='word_1_43' title='bbox 895 1258 1218 1343; x_wconf 80' lang='lat' dir='ltr'>Samnis,</span> <span class='ocrx_word' id='word_1_44' title='bbox 1269 1255 1470 1348; x_wconf 71' lang='lat' dir='ltr'>lnq’us</span> <span class='ocrx_word' id='word_1_45' title='bbox 1532 1260 1881 1328; x_wconf 79' lang='lat' dir='ltr'>Sammtis.</span> <span class='ocrx_word' id='word_1_46' title='bbox 1926 1257 2037 1326; x_wconf 90' lang='lat' dir='ltr'>Sic</span> <span class='ocrx_word' id='word_1_47' title='bbox 2080 1257 2309 1326; x_wconf 84' lang='lat' dir='ltr'>Caesar</span> <span class='ocrx_word' id='word_1_48' title='bbox 2350 1255 2435 1328; x_wconf 85' lang='lat' dir='ltr'>de</span> 
     </span>
     <span class='ocr_line' id='line_1_7' title="bbox 289 1361 1801 1458; baseline 0.003 -28"><span class='ocrx_word' id='word_1_49' title='bbox 289 1362 624 1457; x_wconf 84' lang='lat' dir='ltr'><strong>Analogia.</strong></span> <span class='ocrx_word' id='word_1_50' title='bbox 678 1365 802 1431; x_wconf 74' lang='lat' dir='ltr'>Ex</span> <span class='ocrx_word' id='word_1_51' title='bbox 829 1367 1046 1432; x_wconf 78' lang='lat' dir='ltr'>Prisc.</span> <span class='ocrx_word' id='word_1_52' title='bbox 1095 1361 1205 1431; x_wconf 71' lang='lat' dir='ltr'>lib.</span> <span class='ocrx_word' id='word_1_53' title='bbox 1256 1366 1400 1449; x_wconf 91' lang='lat' dir='ltr'>VI,</span> <span class='ocrx_word' id='word_1_54' title='bbox 1450 1365 1579 1432; x_wconf 79' lang='lat' dir='ltr'>col.</span> <span class='ocrx_word' id='word_1_55' title='bbox 1632 1387 1801 1458; x_wconf 88' lang='lat'><strong>707.</strong></span> 
     </span>
    </p>
   </div>
   <div class='ocr_carea' id='block_1_3' title="bbox 295 1457 2439 1647">
    <p class='ocr_par' dir='ltr' id='par_1_3' title="bbox 295 1457 2439 1647">
     <span class='ocr_line' id='line_1_8' title="bbox 387 1457 2439 1566; baseline 0.001 -28"><span class='ocrx_word' id='word_1_56' title='bbox 387 1473 683 1538; x_wconf 89' lang='lat' dir='ltr'>Partum.</span> <span class='ocrx_word' id='word_1_57' title='bbox 744 1471 970 1538; x_wconf 80' lang='lat' dir='ltr'>Caesar</span> <span class='ocrx_word' id='word_1_58' title='bbox 1023 1468 1107 1538; x_wconf 85' lang='lat' dir='ltr'>de</span> <span class='ocrx_word' id='word_1_59' title='bbox 1151 1468 1570 1563; x_wconf 85' lang='lat' dir='ltr'>Analogicis,</span> <span class='ocrx_word' id='word_1_60' title='bbox 1614 1470 1859 1539; x_wconf 78' lang='lat' dir='ltr'>harum</span> <span class='ocrx_word' id='word_1_61' title='bbox 1884 1485 2197 1566; x_wconf 81' lang='lat' dir='ltr'>partum.</span> <span class='ocrx_word' id='word_1_62' title='bbox 2222 1457 2271 1502; x_wconf 75' lang='lat'>²⁴</span> <span class='ocrx_word' id='word_1_63' title='bbox 2312 1474 2385 1541; x_wconf 91' lang='lat' dir='ltr'><em>E</em></span> <span class='ocrx_word' id='word_1_64' title='bbox 2383 1495 2439 1541; x_wconf 81' lang='lat' dir='ltr'><strong><em>x</em></strong></span> 
     </span>
     <span class='ocr_line' id='line_1_9' title="bbox 295 1575 802 1647; baseline -0.004 0"><span class='ocrx_word' id='word_1_65' title='bbox 295 1575 802 1647; x_wconf 71' lang='lat' dir='ltr'>Charzzs.lz·b.1.</span> 
     </span>
    </p>
   </div>
   <div class='ocr_carea' id='block_1_4' title="bbox 291 1750 2439 1928">
    <p class='ocr_par' dir='ltr' id='par_1_4' title="bbox 291 1750 2439 1928">
     <span class='ocr_line' id='line_1_10' title="bbox 291 1750 2439 1848; baseline 0.001 -28"><span class='ocrx_word' id='word_1_66' title='bbox 291 1753 354 1820; x_wconf 90' lang='lat' dir='ltr'><em>E</em></span> <span class='ocrx_word' id='word_1_67' title='bbox 354 1773 406 1820; x_wconf 79' lang='lat' dir='ltr'><strong><em>x</em></strong></span> <span class='ocrx_word' id='word_1_68' title='bbox 455 1750 738 1836; x_wconf 51' lang='lat' dir='ltr'>thalem,</span> <span class='ocrx_word' id='word_1_69' title='bbox 804 1758 910 1819; x_wconf 73' lang='lat' dir='ltr'>uti</span> <span class='ocrx_word' id='word_1_70' title='bbox 959 1754 1346 1821; x_wconf 79' lang='lat' dir='ltr'>verosimzle</span> <span class='ocrx_word' id='word_1_71' title='bbox 1401 1767 1550 1840; x_wconf 83' lang='lat' dir='ltr'>est,</span> <span class='ocrx_word' id='word_1_72' title='bbox 1608 1777 1751 1821; x_wconf 85' lang='lat' dir='ltr'>non</span> <span class='ocrx_word' id='word_1_73' title='bbox 1802 1751 2156 1848; x_wconf 73' lang='lat' dir='ltr'>adscripto</span> <span class='ocrx_word' id='word_1_74' title='bbox 2207 1770 2439 1824; x_wconf 86' lang='lat' dir='ltr'>tamen</span> 
     </span>
     <span class='ocr_line' id='line_1_11' title="bbox 975 1847 1737 1928; baseline 0.003 -2"><span class='ocrx_word' id='word_1_75' title='bbox 975 1858 1098 1927; x_wconf 75' lang='lat' dir='ltr'>ubi</span> <span class='ocrx_word' id='word_1_76' title='bbox 1132 1859 1515 1928; x_wconf 79' lang='lat' dir='ltr'><em>laudantur</em></span> <span class='ocrx_word' id='word_1_77' title='bbox 1546 1847 1737 1928; x_wconf 74' lang='lat' dir='ltr'>libro·</span> 
     </span>
    </p>
   </div>
   <div class='ocr_carea' id='block_1_5' title="bbox 287 2022 2443 3615">
    <p class='ocr_par' dir='ltr' id='par_1_5' title="bbox 292 2022 2440 2436">
     <span class='ocr_line' id='line_1_12' title="bbox 391 2022 2438 2122; baseline 0.001 -28"><span class='ocrx_word' id='word_1_78' title='bbox 391 2026 563 2094; x_wconf 86' lang='lat' dir='ltr'>Mihi</span> <span class='ocrx_word' id='word_1_79' title='bbox 599 2040 824 2093; x_wconf 86' lang='lat' dir='ltr'>autem</span> <span class='ocrx_word' id='word_1_80' title='bbox 870 2022 1090 2121; x_wconf 82' lang='lat' dir='ltr'>placet</span> <span class='ocrx_word' id='word_1_81' title='bbox 1130 2025 1406 2094; x_wconf 84' lang='lat' dir='ltr'>latinam</span> <span class='ocrx_word' id='word_1_82' title='bbox 1460 2027 1791 2094; x_wconf 86' lang='lat' dir='ltr'>rationem</span> <span class='ocrx_word' id='word_1_83' title='bbox 1834 2027 2054 2120; x_wconf 79' lang='lat' dir='ltr'>sequi,</span> <span class='ocrx_word' id='word_1_84' title='bbox 2092 2051 2438 2122; x_wconf 87' lang='lat' dir='ltr'>quousque</span> 
     </span>
     <span class='ocr_line' id='line_1_13' title="bbox 293 2132 2440 2228; baseline 0.002 -28"><span class='ocrx_word' id='word_1_85' title='bbox 293 2134 536 2226; x_wconf 85' lang='lat' dir='ltr'>patitur</span> <span class='ocrx_word' id='word_1_86' title='bbox 575 2132 796 2200; x_wconf 86' lang='lat' dir='ltr'>decor.</span> <span class='ocrx_word' id='word_1_87' title='bbox 835 2133 1072 2226; x_wconf 82' lang='lat' dir='ltr'><strong>Neque</strong></span> <span class='ocrx_word' id='word_1_88' title='bbox 1115 2132 1292 2201; x_wconf 86' lang='lat' dir='ltr'>enim</span> <span class='ocrx_word' id='word_1_89' title='bbox 1332 2133 1470 2225; x_wconf 83' lang='lat' dir='ltr'>jam</span> <span class='ocrx_word' id='word_1_90' title='bbox 1522 2134 1977 2228; x_wconf 60' lang='lat' dir='ltr'>Cahpsonem</span> <span class='ocrx_word' id='word_1_91' title='bbox 2021 2133 2301 2201; x_wconf 84' lang='lat' dir='ltr'>dixerim</span> <span class='ocrx_word' id='word_1_92' title='bbox 2320 2187 2339 2220; x_wconf 89' lang='lat'>,</span> <span class='ocrx_word' id='word_1_93' title='bbox 2364 2149 2440 2204; x_wconf 86' lang='lat' dir='ltr'>ut</span> 
     </span>
     <span class='ocr_line' id='line_1_14' title="bbox 292 2241 2439 2334; baseline 0.001 -26"><span class='ocrx_word' id='word_1_94' title='bbox 292 2243 670 2308; x_wconf 79' lang='lat' dir='ltr'>Iunonem:</span> <span class='ocrx_word' id='word_1_95' title='bbox 717 2261 1122 2333; x_wconf 83' lang='lat' dir='ltr'>quamquam</span> <span class='ocrx_word' id='word_1_96' title='bbox 1183 2253 1450 2308; x_wconf 87' lang='lat' dir='ltr'>secutus</span> <span class='ocrx_word' id='word_1_97' title='bbox 1495 2241 1801 2334; x_wconf 89' lang='lat' dir='ltr'>antiquos</span> <span class='ocrx_word' id='word_1_98' title='bbox 1842 2241 1917 2309; x_wconf 88' lang='lat' dir='ltr'>C.</span> <span class='ocrx_word' id='word_1_99' title='bbox 1962 2241 2186 2308; x_wconf 80' lang='lat' dir='ltr'>Caesar</span> <span class='ocrx_word' id='word_1_100' title='bbox 2230 2243 2439 2310; x_wconf 88' lang='lat' dir='ltr'>utitur</span> 
     </span>
     <span class='ocr_line' id='line_1_15' title="bbox 293 2342 1965 2436; baseline 0 -22"><span class='ocrx_word' id='word_1_101' title='bbox 293 2345 414 2414; x_wconf 88' lang='lat' dir='ltr'>hac</span> <span class='ocrx_word' id='word_1_102' title='bbox 449 2348 708 2414; x_wconf 87' lang='lat' dir='ltr'>ratione</span> <span class='ocrx_word' id='word_1_103' title='bbox 745 2344 1137 2415; x_wconf 87' lang='lat' dir='ltr'>declinandi.</span> <span class='ocrx_word' id='word_1_104' title='bbox 1174 2347 1455 2436; x_wconf 75' lang='lat' dir='ltr'>Quintil.</span> <span class='ocrx_word' id='word_1_105' title='bbox 1491 2345 1606 2414; x_wconf 69' lang='lat' dir='ltr'>lib.</span> <span class='ocrx_word' id='word_1_106' title='bbox 1644 2350 1745 2433; x_wconf 87' lang='lat' dir='ltr'>V,</span> <span class='ocrx_word' id='word_1_107' title='bbox 1788 2371 1847 2414; x_wconf 87' lang='lat' dir='ltr'>c.</span> <span class='ocrx_word' id='word_1_108' title='bbox 1900 2342 1965 2416; x_wconf 86' lang='lat'>5.</span> 
     </span>
    </p>

    <p class='ocr_par' dir='ltr' id='par_1_6' title="bbox 287 2450 2441 2657">
     <span class='ocr_line' id='line_1_16' title="bbox 391 2450 2441 2553; baseline 0.001 -33"><span class='ocrx_word' id='word_1_109' title='bbox 391 2454 488 2520; x_wconf 92' lang='grc' dir='ltr'>Μ.</span> <span class='ocrx_word' id='word_1_110' title='bbox 526 2450 780 2521; x_wconf 90' lang='lat' dir='ltr'>Tullius</span> <span class='ocrx_word' id='word_1_111' title='bbox 805 2465 874 2520; x_wconf 84' lang='lat' dir='ltr'>et</span> <span class='ocrx_word' id='word_1_112' title='bbox 887 2453 966 2521; x_wconf 89' lang='lat' dir='ltr'>C.</span> <span class='ocrx_word' id='word_1_113' title='bbox 989 2455 1212 2522; x_wconf 83' lang='lat' dir='ltr'>Caesar</span> <span class='ocrx_word' id='word_1_114' title='bbox 1229 2452 1505 2522; x_wconf 81' lang='lat' dir='ltr'>mordeo</span> <span class='ocrx_word' id='word_1_115' title='bbox 1516 2506 1540 2539; x_wconf 87' lang='lat'>,</span> <span class='ocrx_word' id='word_1_116' title='bbox 1564 2453 2209 2549; x_wconf 77' lang='lat' dir='ltr'>memordc’3pung0,</span> <span class='ocrx_word' id='word_1_117' title='bbox 2224 2479 2441 2553; x_wconf 82' lang='lat' dir='ltr'>pepu-</span> 
     </span>
     <span class='ocr_line' id='line_1_17' title="bbox 287 2553 2435 2657; baseline 0 -30"><span class='ocrx_word' id='word_1_118' title='bbox 287 2565 392 2652; x_wconf 59' lang='lat'>8²3·</span> <span class='ocrx_word' id='word_1_119' title='bbox 421 2559 768 2655; x_wconf 82' lang='lat' dir='ltr'>spondeO,</span> <span class='ocrx_word' id='word_1_120' title='bbox 809 2553 1152 2654; x_wconf 78' lang='lat' dir='ltr'>spepondc‘</span> <span class='ocrx_word' id='word_1_121' title='bbox 1185 2558 1515 2628; x_wconf 85' lang='lat' dir='ltr'>dixerunt.</span> <span class='ocrx_word' id='word_1_122' title='bbox 1556 2563 1649 2628; x_wconf 82' lang='lat' dir='ltr'>A.</span> <span class='ocrx_word' id='word_1_123' title='bbox 1696 2561 1867 2630; x_wconf 80' lang='lat' dir='ltr'><em>Gell.</em></span> <span class='ocrx_word' id='word_1_124' title='bbox 1908 2559 2018 2628; x_wconf 72' lang='lat' dir='ltr'><em>lib.</em></span> <span class='ocrx_word' id='word_1_125' title='bbox 2057 2564 2227 2646; x_wconf 90' lang='lat' dir='ltr'>VII,</span> <span class='ocrx_word' id='word_1_126' title='bbox 2262 2587 2318 2630; x_wconf 80' lang='grc' dir='ltr'>ε.</span> <span class='ocrx_word' id='word_1_127' title='bbox 2364 2586 2435 2657; x_wconf 85' lang='grc'>9.</span> 
     </span>
    </p>

    <p class='ocr_par' dir='ltr' id='par_1_7' title="bbox 297 2653 2443 3083">
     <span class='ocr_line' id='line_1_18' title="bbox 398 2653 2439 2761; baseline 0 -25"><span class='ocrx_word' id='word_1_128' title='bbox 398 2669 476 2736; x_wconf 89' lang='lat' dir='ltr'>C.</span> <span class='ocrx_word' id='word_1_129' title='bbox 517 2668 742 2736; x_wconf 86' lang='lat' dir='ltr'>Caesar</span> <span class='ocrx_word' id='word_1_130' title='bbox 775 2667 900 2751; x_wconf 86' lang='lat' dir='ltr'>ait,</span> <span class='ocrx_word' id='word_1_131' title='bbox 929 2669 988 2734; x_wconf 93' lang='lat' dir='ltr'><em>L</em></span> <span class='ocrx_word' id='word_1_132' title='bbox 1013 2664 1229 2734; x_wconf 86' lang='lat' dir='ltr'>littera</span> <span class='ocrx_word' id='word_1_133' title='bbox 1272 2653 1687 2735; x_wconf 83' lang='lat' dir='ltr'>nominativo</span> <span class='ocrx_word' id='word_1_134' title='bbox 1724 2665 2325 2761; x_wconf 83' lang='lat' dir='ltr'>singulari-neutro</span> <span class='ocrx_word' id='word_1_135' title='bbox 2362 2667 2439 2736; x_wconf 85' lang='lat' dir='ltr'>fi-</span> 
     </span>
     <span class='ocr_line' id='line_1_19' title="bbox 297 2771 2443 2868; baseline 0.002 -29"><span class='ocrx_word' id='word_1_136' title='bbox 297 2774 428 2841; x_wconf 86' lang='lat' dir='ltr'>nita</span> <span class='ocrx_word' id='word_1_137' title='bbox 460 2774 732 2841; x_wconf 90' lang='lat' dir='ltr'>nomina</span> <span class='ocrx_word' id='word_1_138' title='bbox 771 2771 1074 2842; x_wconf 85' lang='lat' dir='ltr'>eamdem</span> <span class='ocrx_word' id='word_1_139' title='bbox 1116 2771 1572 2841; x_wconf 86' lang='lat' dir='ltr'>definitionem</span> <span class='ocrx_word' id='word_1_140' title='bbox 1619 2795 1896 2866; x_wconf 84' lang='lat' dir='ltr'>capere,</span> <span class='ocrx_word' id='word_1_141' title='bbox 1926 2787 2127 2866; x_wconf 80' lang='lat' dir='ltr'>quam</span> <span class='ocrx_word' id='word_1_142' title='bbox 2174 2775 2443 2868; x_wconf 85' lang='lat' dir='ltr'>capiant</span> 
     </span>
     <span class='ocr_line' id='line_1_20' title="bbox 297 2877 2443 2967; baseline 0 -19"><span class='ocrx_word' id='word_1_143' title='bbox 297 2881 362 2948; x_wconf 90' lang='lat' dir='ltr'><em>E</em></span> <span class='ocrx_word' id='word_1_144' title='bbox 399 2878 620 2948; x_wconf 83' lang='lat' dir='ltr'>littera</span> <span class='ocrx_word' id='word_1_145' title='bbox 661 2880 1034 2948; x_wconf 84' lang='lat' dir='ltr'>terminata.</span> <span class='ocrx_word' id='word_1_146' title='bbox 1082 2882 1269 2948; x_wconf 80' lang='lat' dir='ltr'>Huic</span> <span class='ocrx_word' id='word_1_147' title='bbox 1315 2881 1649 2965; x_wconf 76' lang='grc' dir='ltr'><strong><em>αηίηιαίί,</em></strong></span> <span class='ocrx_word' id='word_1_148' title='bbox 1696 2892 1769 2947; x_wconf 84' lang='lat' dir='ltr'>et</span> <span class='ocrx_word' id='word_1_149' title='bbox 1808 2877 1904 2946; x_wconf 85' lang='lat' dir='ltr'>ab</span> <span class='ocrx_word' id='word_1_150' title='bbox 1946 2879 2078 2947; x_wconf 77' lang='lat' dir='ltr'>hoc</span> <span class='ocrx_word' id='word_1_151' title='bbox 2110 2883 2437 2967; x_wconf 78' lang='lat' dir='ltr'>animali,</span> <span class='ocrx_word' id='word_1_152' title='bbox 2426 2908 2443 2923; x_wconf 90' lang='lat'><strong>·</strong></span> 
     </span>
     <span class='ocr_line' id='line_1_21' title="bbox 297 2985 2066 3116; baseline -0.001 -61"><span class='ocrx_word' id='word_1_153' title='bbox 297 2986 446 3055; x_wconf 77' lang='lat' dir='ltr'>huic</span> <span class='ocrx_word' id='word_1_154' title='bbox 464 2987 798 3116; x_wconf 61' lang='lat' dir='ltr'>puteali,⁵</span> <span class='ocrx_word' id='word_1_155' title='bbox 811 3000 880 3054; x_wconf 88' lang='lat' dir='ltr'>et</span> <span class='ocrx_word' id='word_1_156' title='bbox 921 2985 1015 3054; x_wconf 85' lang='lat' dir='ltr'>ab</span> <span class='ocrx_word' id='word_1_157' title='bbox 1055 2987 1188 3055; x_wconf 79' lang='lat' dir='ltr'>hoc</span> <span class='ocrx_word' id='word_1_158' title='bbox 1199 2987 1492 3082; x_wconf 82' lang='lat' dir='ltr'>puteall.</span> <span class='ocrx_word' id='word_1_159' title='bbox 1544 2986 1803 3058; x_wconf 76' lang='lat' dir='ltr'>Charis.</span> <span class='ocrx_word' id='word_1_160' title='bbox 1851 2985 1962 3054; x_wconf 76' lang='lat' dir='ltr'><em>lib.</em></span> <span class='ocrx_word' id='word_1_161' title='bbox 2006 2990 2066 3054; x_wconf 98' lang='grc' dir='ltr'>Ι.</span> 
     </span>
    </p>

    <p class='ocr_par' dir='ltr' id='par_1_8' title="bbox 299 3077 2443 3400">
     <span class='ocr_line' id='line_1_22' title="bbox 399 3077 2443 3190; baseline 0 -27"><span class='ocrx_word' id='word_1_162' title='bbox 399 3090 770 3189; x_wconf 80' lang='lat' dir='ltr'>Aplustrc.²</span> <span class='ocrx_word' id='word_1_163' title='bbox 776 3077 1151 3162; x_wconf 85' lang='lat' dir='ltr'>⁵Omnium</span> <span class='ocrx_word' id='word_1_164' title='bbox 1194 3093 1581 3180; x_wconf 86' lang='lat' dir='ltr'>nominum,</span> <span class='ocrx_word' id='word_1_165' title='bbox 1613 3118 1761 3187; x_wconf 85' lang='lat' dir='ltr'>quae</span> <span class='ocrx_word' id='word_1_166' title='bbox 1798 3106 1953 3162; x_wconf 91' lang='lat' dir='ltr'>sunt</span> <span class='ocrx_word' id='word_1_167' title='bbox 1988 3093 2207 3161; x_wconf 86' lang='lat' dir='ltr'>neutri</span> <span class='ocrx_word' id='word_1_168' title='bbox 2246 3117 2443 3190; x_wconf 84' lang='lat' dir='ltr'>gene·</span> 
     </span>
     <span class='ocr_line' id='line_1_23' title="bbox 300 3197 2443 3286; baseline 0.002 -20"><span class='ocrx_word' id='word_1_169' title='bbox 300 3202 405 3286; x_wconf 88' lang='lat' dir='ltr'>ris,</span> <span class='ocrx_word' id='word_1_170' title='bbox 423 3201 578 3268; x_wconf 89' lang='lat' dir='ltr'>etin</span> <span class='ocrx_word' id='word_1_171' title='bbox 597 3203 654 3268; x_wconf 93' lang='lat' dir='ltr'><strong>E</strong></span> <span class='ocrx_word' id='word_1_172' title='bbox 674 3201 1152 3286; x_wconf 84' lang='lat' dir='ltr'>terminantur,</span> <span class='ocrx_word' id='word_1_173' title='bbox 1171 3201 1262 3268; x_wconf 85' lang='lat' dir='ltr'>ait</span> <span class='ocrx_word' id='word_1_174' title='bbox 1283 3197 1571 3286; x_wconf 89' lang='lat' dir='ltr'>Plinius,</span> <span class='ocrx_word' id='word_1_175' title='bbox 1589 3202 1921 3269; x_wconf 69' lang='lat' dir='ltr'>Caesarem</span> <span class='ocrx_word' id='word_1_176' title='bbox 1948 3200 2146 3269; x_wconf 89' lang='lat' dir='ltr'>scisse</span> <span class='ocrx_word' id='word_1_177' title='bbox 2171 3201 2443 3270; x_wconf 88' lang='lat' dir='ltr'>eosdem</span> 
     </span>
     <span class='ocr_line' id='line_1_24' title="bbox 299 3251 2441 3400; baseline 0.002 -26"><span class='ocrx_word' id='word_1_178' title='bbox 299 3331 436 3376; x_wconf 88' lang='lat' dir='ltr'>esse</span> <span class='ocrx_word' id='word_1_179' title='bbox 465 3306 824 3393; x_wconf 83' lang='lat' dir='ltr'>ablativos,</span> <span class='ocrx_word' id='word_1_180' title='bbox 855 3306 1082 3400; x_wconf 85' lang='lat' dir='ltr'>quales</span> <span class='ocrx_word' id='word_1_181' title='bbox 1115 3321 1270 3376; x_wconf 83' lang='lat' dir='ltr'>sunt</span> <span class='ocrx_word' id='word_1_182' title='bbox 1297 3305 1501 3375; x_wconf 84' lang='lat' dir='ltr'>dativi</span> <span class='ocrx_word' id='word_1_183' title='bbox 1532 3251 1914 3400; x_wconf 79' lang='lat' dir='ltr'>singulares.</span> <span class='ocrx_word' id='word_1_184' title='bbox 1955 3307 2213 3377; x_wconf 79' lang='lat' dir='ltr'>Charis.</span> <span class='ocrx_word' id='word_1_185' title='bbox 2242 3308 2353 3377; x_wconf 76' lang='lat' dir='ltr'>lc&#39;b.</span> <span class='ocrx_word' id='word_1_186' title='bbox 2381 3313 2441 3378; x_wconf 87' lang='lat' dir='ltr'>I.</span> 
     </span>
    </p>

    <p class='ocr_par' dir='ltr' id='par_1_9' title="bbox 300 3411 2443 3615">
     <span class='ocr_line' id='line_1_25' title="bbox 399 3411 2443 3508; baseline 0 -25"><span class='ocrx_word' id='word_1_187' title='bbox 399 3417 538 3483; x_wconf 78' lang='lat' dir='ltr'>AR</span> <span class='ocrx_word' id='word_1_188' title='bbox 557 3411 790 3482; x_wconf 84' lang='lat' dir='ltr'>litteris</span> <span class='ocrx_word' id='word_1_189' title='bbox 814 3415 1088 3483; x_wconf 87' lang='lat' dir='ltr'>nomina</span> <span class='ocrx_word' id='word_1_190' title='bbox 1115 3411 1439 3482; x_wconf 84' lang='lat' dir='ltr'>neutralia</span> <span class='ocrx_word' id='word_1_191' title='bbox 1465 3415 1852 3500; x_wconf 87' lang='lat' dir='ltr'>terminata,</span> <span class='ocrx_word' id='word_1_192' title='bbox 1873 3413 1965 3480; x_wconf 87' lang='lat' dir='ltr'>ait</span> <span class='ocrx_word' id='word_1_193' title='bbox 1984 3416 2242 3502; x_wconf 87' lang='lat' dir='ltr'>Caesar,</span> <span class='ocrx_word' id='word_1_194' title='bbox 2262 3415 2443 3508; x_wconf 89' lang='lat' dir='ltr'>quod</span> 
     </span>
     <span class='ocr_line' id='line_1_26' title="bbox 300 3517 2443 3615; baseline 0 -27"><span class='ocrx_word' id='word_1_195' title='bbox 300 3519 518 3589; x_wconf 87' lang='lat' dir='ltr'>dativo</span> <span class='ocrx_word' id='word_1_196' title='bbox 556 3534 625 3588; x_wconf 86' lang='lat' dir='ltr'>et</span> <span class='ocrx_word' id='word_1_197' title='bbox 668 3519 958 3589; x_wconf 86' lang='lat' dir='ltr'>ablativo</span> <span class='ocrx_word' id='word_1_198' title='bbox 1004 3522 1149 3615; x_wconf 90' lang='lat' dir='ltr'>pari</span> <span class='ocrx_word' id='word_1_199' title='bbox 1179 3521 1329 3614; x_wconf 85' lang='lat' dir='ltr'>jure</span> <span class='ocrx_word' id='word_1_200' title='bbox 1373 3517 1786 3614; x_wconf 83' lang='lat' dir='ltr'>funguntur,</span> <span class='ocrx_word' id='word_1_201' title='bbox 1846 3533 1923 3586; x_wconf 92' lang='lat' dir='ltr'>ut</span> <span class='ocrx_word' id='word_1_202' title='bbox 1966 3519 2141 3588; x_wconf 88' lang='lat' dir='ltr'>idem</span> <span class='ocrx_word' id='word_1_203' title='bbox 2192 3519 2443 3589; x_wconf 91' lang='lat' dir='ltr'>Plinius</span> 
     </span>
    </p>
   </div>
   <div class='ocr_carea' id='block_1_6' title="bbox 299 3626 1106 3698">
    <p class='ocr_par' dir='ltr' id='par_1_10' title="bbox 299 3626 1106 3698">
     <span class='ocr_line' id='line_1_27' title="bbox 299 3626 1106 3698; baseline 0.003 -4"><span class='ocrx_word' id='word_1_204' title='bbox 299 3627 537 3696; x_wconf 89' lang='lat' dir='ltr'>scribit.</span> <span class='ocrx_word' id='word_1_205' title='bbox 591 3627 850 3698; x_wconf 77' lang='lat' dir='ltr'>Charis.</span> <span class='ocrx_word' id='word_1_206' title='bbox 900 3626 1106 3696; x_wconf 59' lang='lat' dir='ltr'><em>[elz]</em></span> 
     </span>
    </p>
   </div>
   <div class='ocr_carea' id='block_1_7' title="bbox 397 3731 2443 3804">
    <p class='ocr_par' dir='ltr' id='par_1_11' title="bbox 397 3731 2443 3804">
     <span class='ocr_line' id='line_1_28' title="bbox 397 3731 2443 3804; baseline 0 -2"><span class='ocrx_word' id='word_1_207' title='bbox 397 3733 626 3802; x_wconf 84' lang='lat' dir='ltr'>Jubar.</span> <span class='ocrx_word' id='word_1_208' title='bbox 687 3731 938 3802; x_wconf 89' lang='lat' dir='ltr'>Plinius</span> <span class='ocrx_word' id='word_1_209' title='bbox 997 3735 1088 3802; x_wconf 89' lang='lat' dir='ltr'>ait</span> <span class='ocrx_word' id='word_1_210' title='bbox 1131 3735 1305 3802; x_wconf 86' lang='lat' dir='ltr'>inter</span> <span class='ocrx_word' id='word_1_211' title='bbox 1351 3748 1591 3804; x_wconf 85' lang='lat' dir='ltr'>caetera</span> <span class='ocrx_word' id='word_1_212' title='bbox 1632 3735 1834 3804; x_wconf 89' lang='lat' dir='ltr'>etiam</span> <span class='ocrx_word' id='word_1_213' title='bbox 1884 3733 2060 3804; x_wconf 85' lang='lat' dir='ltr'>istud</span> <span class='ocrx_word' id='word_1_214' title='bbox 2112 3734 2443 3802; x_wconf 79' lang='lat' dir='ltr'>Caesarem</span> 
     </span>
    </p>
   </div>
   <div class='ocr_carea' id='block_1_8' title="bbox 295 3879 2449 4147">
    <p class='ocr_par' dir='ltr' id='par_1_12' title="bbox 295 3879 2449 4147">
     <span class='ocr_line' id='line_1_29' title="bbox 379 3879 2449 3987; baseline -0 -18"><span class='ocrx_word' id='word_1_215' title='bbox 379 3923 469 3980; x_wconf 67' lang='lat'>²4·</span> <span class='ocrx_word' id='word_1_216' title='bbox 500 3918 709 3968; x_wconf 69' lang='lat' dir='ltr'>Par-eum</span> <span class='ocrx_word' id='word_1_217' title='bbox 722 3957 738 3979; x_wconf 91' lang='lat'><em>‚</em></span> <span class='ocrx_word' id='word_1_218' title='bbox 780 3879 881 3987; x_wconf 84' lang='lat' dir='ltr'>pro</span> <span class='ocrx_word' id='word_1_219' title='bbox 906 3920 1146 3986; x_wconf 80' lang='lat' dir='ltr'>partium,</span> <span class='ocrx_word' id='word_1_220' title='bbox 1183 3915 1330 3987; x_wconf 82' lang='lat' dir='ltr'>quod</span> <span class='ocrx_word' id='word_1_221' title='bbox 1505 3936 1535 3969; x_wconf 69' lang='grc' dir='ltr'>τι</span> <span class='ocrx_word' id='word_1_222' title='bbox 1548 3916 1599 3968; x_wconf 83' lang='lat'>5.</span> <span class='ocrx_word' id='word_1_223' title='bbox 1621 3916 1861 3987; x_wconf 72' lang='lat' dir='ltr'>Aplmtre</span> <span class='ocrx_word' id='word_1_224' title='bbox 1884 3914 2085 3986; x_wconf 78' lang='lat' dir='ltr'>puppis</span> <span class='ocrx_word' id='word_1_225' title='bbox 2114 3915 2263 3967; x_wconf 81' lang='lat' dir='ltr'>navis</span> <span class='ocrx_word' id='word_1_226' title='bbox 2294 3933 2449 3968; x_wconf 81' lang='lat' dir='ltr'>orna-</span> 
     </span>
     <span class='ocr_line' id='line_1_30' title="bbox 295 3994 2447 4068; baseline 0 -20"><span class='ocrx_word' id='word_1_227' title='bbox 295 3994 511 4049; x_wconf 77' lang='lat' dir='ltr'>damnat</span> <span class='ocrx_word' id='word_1_228' title='bbox 543 3997 722 4050; x_wconf 74' lang='lat' dir='ltr'>Caesar</span> <span class='ocrx_word' id='word_1_229' title='bbox 757 4015 772 4048; x_wconf 91' lang='lat'>:</span> <span class='ocrx_word' id='word_1_230' title='bbox 801 4015 928 4048; x_wconf 84' lang='lat' dir='ltr'>nam</span> <span class='ocrx_word' id='word_1_231' title='bbox 955 3995 1190 4054; x_wconf 75' lang='lat' dir='ltr'>vidimus</span> <span class='ocrx_word' id='word_1_232' title='bbox 1220 3996 1326 4048; x_wconf 54' lang='lat' dir='ltr'>fre*</span> <span class='ocrx_word' id='word_1_233' title='bbox 1417 4008 1661 4048; x_wconf 83' lang='lat' dir='ltr'>mentum</span> <span class='ocrx_word' id='word_1_234' title='bbox 1687 3996 1745 4048; x_wconf 87' lang='lat' dir='ltr'>in</span> <span class='ocrx_word' id='word_1_235' title='bbox 1770 4013 1878 4066; x_wconf 81' lang='lat' dir='ltr'>quo</span> <span class='ocrx_word' id='word_1_236' title='bbox 1904 3994 2244 4065; x_wconf 79' lang='lat' dir='ltr'>fingebantur</span> <span class='ocrx_word' id='word_1_237' title='bbox 2264 3994 2447 4068; x_wconf 65' lang='lat' dir='ltr'>figura</span> 
     </span>
     <span class='ocr_line' id='line_1_31' title="bbox 297 4073 2445 4147; baseline -0.001 -17"><span class='ocrx_word' id='word_1_238' title='bbox 297 4089 517 4147; x_wconf 83' lang='lat' dir='ltr'>quenter</span> <span class='ocrx_word' id='word_1_239' title='bbox 551 4077 612 4129; x_wconf 84' lang='lat' dir='ltr'>in</span> <span class='ocrx_word' id='word_1_240' title='bbox 643 4075 1038 4130; x_wconf 77' lang='lat' dir='ltr'>commentariis</span> <span class='ocrx_word' id='word_1_241' title='bbox 1063 4080 1326 4128; x_wconf 79' lang='lat' dir='ltr'>civitatium</span> <span class='ocrx_word' id='word_1_242' title='bbox 1415 4073 1657 4146; x_wconf 63' lang='lat' dir='ltr'>quadam</span> <span class='ocrx_word' id='word_1_243' title='bbox 1674 4113 1691 4138; x_wconf 91' lang='lat'>,</span> <span class='ocrx_word' id='word_1_244' title='bbox 1708 4086 1771 4126; x_wconf 90' lang='lat' dir='ltr'>ut</span> <span class='ocrx_word' id='word_1_245' title='bbox 1787 4074 2037 4140; x_wconf 83' lang='lat' dir='ltr'>tritones,</span> <span class='ocrx_word' id='word_1_246' title='bbox 2063 4087 2118 4127; x_wconf 85' lang='lat' dir='ltr'>et</span> <span class='ocrx_word' id='word_1_247' title='bbox 2131 4076 2223 4128; x_wconf 75' lang='lat' dir='ltr'>alii</span> <span class='ocrx_word' id='word_1_248' title='bbox 2239 4074 2315 4128; x_wconf 81' lang='lat' dir='ltr'>dii</span> <span class='ocrx_word' id='word_1_249' title='bbox 2334 4093 2445 4128; x_wconf 77' lang='lat' dir='ltr'>ma-</span> 
     </span>
    </p>
   </div>
   <div class='ocr_carea' id='block_1_9' title="bbox 298 4153 2526 4227">
    <p class='ocr_par' dir='ltr' id='par_1_13' title="bbox 298 4153 2526 4227">
     <span class='ocr_line' id='line_1_32' title="bbox 298 4153 2526 4227; baseline -0 -18"><span class='ocrx_word' id='word_1_250' title='bbox 298 4174 394 4226; x_wconf 86' lang='lat' dir='ltr'>pro</span> <span class='ocrx_word' id='word_1_251' title='bbox 417 4161 680 4212; x_wconf 77' lang='lat' dir='ltr'>civitatum,</span> <span class='ocrx_word' id='word_1_252' title='bbox 1413 4155 1599 4208; x_wconf 76' lang='lat' dir='ltr'>ritimi.</span> <span class='ocrx_word' id='word_1_253' title='bbox 1633 4153 1765 4208; x_wconf 85' lang='lat' dir='ltr'>Vid.</span> <span class='ocrx_word' id='word_1_254' title='bbox 1796 4153 1939 4208; x_wconf 82' lang='lat' dir='ltr'>infra</span> <span class='ocrx_word' id='word_1_255' title='bbox 1966 4154 2027 4208; x_wconf 86' lang='lat' dir='ltr'>in</span> <span class='ocrx_word' id='word_1_256' title='bbox 2056 4155 2443 4227; x_wconf 73' lang='lat' dir='ltr'>supplemento.</span> <span class='ocrx_word' id='word_1_257' title='bbox 2520 4196 2526 4201; x_wconf 85' lang='lat'>.</span> 
     </span>
    </p>
   </div>
   <div class='ocr_carea' id='block_1_10' title="bbox 2031 4263 2120 4334">
    <p class='ocr_par' dir='ltr' id='par_1_14' title="bbox 2031 4263 2120 4334">
     <span class='ocr_line' id='line_1_33' title="bbox 2031 4263 2120 4334; baseline 0 -46"><span class='ocrx_word' id='word_1_258' title='bbox 2031 4263 2120 4334; x_wconf 71' lang='lat'>22</span> 
     </span>
    </p>
   </div>
  </div>
 </body>
</html>
