3017 5042
653 449 803 533 442
1050 498 1055 505 .
1368 444 2118 519 DISSERTATIO

648 580 854 649 riam:
877 578 947 647 in
970 578 1322 672 praesentia
1362 576 1431 647 id
1456 576 1696 653 solum
1707 577 2084 653 monuerim
2123 555 2456 651 Caesarem
2490 580 2788 651 Giceroni

651 683 1001 779 epistolam
1030 686 1281 753 misisse
1327 714 1361 747 «
1408 686 1664 755 Graecis
1693 671 2142 778 conscriptam
2176 682 2383 761 literis
2399 734 2426 771 ,
2456 710 2544 756 ne
2589 686 2784 757 inter-

646 806 845 886 cepta
888 788 1164 886 epistola
1197 814 1325 861 sua
1360 790 1448 861 ab
1476 790 1802 869 hostibus
1815 788 2090 865 consilia
2125 804 2780 885 cognoscerentur.»

645 900 895 972 Hostes
924 897 1077 972 hoc·
1092 894 1249 967 loco.
1279 897 1516 967 Nervii
1547 911 1723 969 sunt.
1753 899 2032 975 Graeeus
2057 898 2396 997 interpres.
2412 899 2620 973 vertit
2643 901 2788 967 ταύ·

650 1030 765 1083 την
794 1000 1524 1099 ἑλληιιιςὶιςγραψαίμενος.
1568 1004 1660 1073 At
1697 1028 1821 1072 nos
1856 1002 1940 1079 ad
1971 1000 2082 1077 Ch
2103 1004 2422 1077 Dulaure
2461 1028 2664 1075 nuuc.
2683 1030 2785 1074 re.-

649 1124 1011 1185 vertamur.

752 1397 841 1463 In
862 1394 1060 1463 tertio
1093 1395 1519 1490 paragrapho
1556 1394 1640 1462 de
1669 1393 2070 1489 oppidorum
2096 1394 2306 1461 muris
2331 1395 2471 1487 agit
2508 1392 2614 1463 Cl.
2653 1398 2791 1465 Du-

648 1502 881 1585 lazare,
924 1498 1265 1595 multaque
1304 1500 1501 1570 docet
1536 1499 1905 1569 eruditione
1961 1512 2030 1567 et
2077 1500 2434 1617 sagacitate
2479 1500 2790 1595 insignia,

648 1632 774 1676 nec
810 1621 1036 1675 tamen
1072 1606 1141 1675 in
1176 1607 1486 1682 omnibus
1518 1606 1672 1677 cum
1705 1604 1818 1674 illo
1847 1605 2210 1674 consentio·
2244 1606 2420 1674 Nam
2449 1606 2638 1701 quod
2669 1632 2792 1702 ope

648 1714 851 1782 trium
879 1711 1164 1782 militum
1191 1700 1435 1783 Fabius
1466 1713 1820 1809 Gergoviae
1851 1736 2121 1795 murum
2161 1711 2665 1799 conscenderit,
2693 1714 2790 1782 vel

650 1816 831 1913 quod
860 1844 983 1915 per
1011 1843 1247 1888 manus
1280 1818 1580 1889 demissae
1608 1816 1948 1903 muliereS‚
1987 1842 2128 1889 sese
2158 1815 2480 1890 militibus
2508 1819 2788 1888 tradide-

654 1927 825 2013 rint,
843 1951 982 1995 non
1009 1946 1183 2021 nego
1204 1951 1219 1993 :
1244 1925 1356 1998 sed
1376 1951 1514 1995 non
1527 1926 1686 1994 hinc
1723 1924 2055 2019 sequitur,
2083 1925 2330 2009 moenia
2363 1924 2616 2018 ubique
2655 1952 2790 2021 sep—

650 2047 787 2102 tem
811 2032 1060 2128 pedum
1086 2031 1329 2101 fuisse1
1345 2086 1364 2120 ,
1392 2032 1758 2127 praesertim
1781 2056 1992 2125 quum
2017 2029 2129 2100 hic
2156 2030 2240 2100 de
2276 2029 2428 2101 loco
2457 2047 2792 2129 praerupto

652 2164 872 2208 sermo
902 2139 1023 2226 sit„
1048 2139 1163 2233 qui
1193 2152 1433 2207 natura
1460 2140 1790 2225 munitus,
1816 2138 2077 2205 minore
2114 2160 2276 2205 cura
2303 2136 2389 2205 ab
2413 2138 2793 2209 hominibus

647 2242 1042 2313 defenditur-
1072 2244 1333 2317 Deinde
1361 2243 1462 2314 Cl.
1494 2246 1810 2315 Dulaure
1849 2242 2248 2313 Strabonem
2280 2240 2446 2313 falso
2484 2244 2794 2340 interpre-

650 2365 851 2419 tatur.
889 2351 957 2419 Is
1000 2349 1083 2418 de
1126 2350 1513 2420 Possidonio
1557 2366 1818 2430 narrat,
1859 2352 1976 2447 qui
2014 2350 2311 2420 hostium
2359 2351 2581 2445 capita
2622 2352 2790 2453 apud

656 2453 885 2525 Gallos
906 2456 1073 2524 vidit
1093 2463 1221 2537 τοῖς
1248 2455 1648 2551 προπυλαίοις
1675 2455 1916 2526 adfixa.
1941 2457 2306 2545 Quaeritur,
2335 2480 2456 2525 cur
2482 2457 2554 2526 id
2581 2460 2792 2552 potius

650 2562 735 2631 de
770 2556 1169 2657 oppidorum
1220 2566 1579 2659 sumpserit
1621 2562 1722 2633 CI.
1768 2564 2083 2633 Dulaure
2106 2617 2129 2649 ‚
2182 2586 2385 2657 quam
2431 2562 2789 2636 domicilio·

650 2694 801 2737 rum
844 2670 1055 2764 portis
1076 2696 1095 2758 ;
1118 2672 1483 2764 praesertim
1519 2695 1726 2765 quum
1758 2694 1893 2740 suae
1916 2671 2192 2764 quisque
2223 2667 2632 2741 fortitudinis
2658 2697 2788 2741 mo·

648 2790 967 2845 numenta
1002 2791 1314 2847 servaret.
1613 2788 1630 2803 ‘

754 2884 955 2951 Nunc
981 2881 1065 2949 ad
1085 2881 1599 2978 descriptionem
1625 2882 1876 2989 oppidi,
1897 2880 2094 2979 quale
2117 2883 2296 2951 intus
2317 2881 2542 2967 fuerit,
2563 2886 2789 2953 transit

650 2986 754 3057 Cl.
770 2990 1033 3057 Dulaw
1036 3014 1105 3074 ·e,
1124 2989 1345 3083 ibique
1364 2991 1612 3059 centies
1641 3004 1908 3059 recocta
1929 2988 2163 3060 lectori
2176 2990 2478 3085 apponit,
2502 3014 2797 3087 pugnam-

647 3094 1084 3190 redintegrat,
1110 3110 1179 3177 et
1192 3095 1569 3165 eversionis
1598 3095 1824 3165 furore
1850 3095 2161 3165 incitatus
2192 3120 2428 3190 scopas
2451 3096 2788 3181 admovet,

647 3215 725 3269 ut
749 3200 971 3271 locum
996 3201 1081 3269 ad
1108 3200 1362 3272 nudum
1391 3216 1684 3271 everrat:
1708 3202 1972 3295 Quand
1991 3193 2208 3273 Cesar
2223 3206 2442 3297 quiete
2459 3227 2574 3272 ses
2589 3227 2786 3299 quat·-

647 3311 809 3375 tiers
845 3308 1105 3377 d'hz'ver
1120 3332 1315 3405 pour
1336 3308 1652 3379 marcker
1686 3324 1922 3379 contre
1958 3310 2059 3382 les
2103 3310 2441 3402 Carnutes
2452 3362 2476 3395 ,
2512 3315 2792 3381 ceux-ci

648 3416 940 3484 laissent
962 3417 1144 3493 leurs
1161 3415 1291 3484 vici
1312 3432 1386 3484 et
1402 3417 1584 3485 leurs
1612 3414 1859 3511 oppida
1888 3406 2171 3499 de'serts,
2201 3414 2476 3485 desertis
2506 3418 2668 3486 vicis
2687 3443 2786 3511 op-

644 3520 963 3615 pidisque.
991 3514 1208 3591 Ce'sar
1226 3528 1484 3610 arrz've5
1510 3523 1567 3591 il
1576 3546 1760 3619 pose
1793 3545 1922 3591 son
1933 3546 2140 3619 camp
2147 3512 2788 3619 precelse'mentdans

646 3628 1023 3723 l'oppidum
1051 3622 1303 3726 appele'
1326 3629 1702 3699 Genabum.
1734 3630 1846 3699 On
1865 3652 1954 3715 ηε
1978 3654 2223 3725 campe
2235 3630 2641 3723 pointdans
2666 3654 2787 3699 une

645 3735 810 3803 ville
832 3737 1111 3832 remplc‘e
1137 3736 1226 3805 de
1243 3728 1624 3805 bdcz'mentS.
1659 3737 1902 3805 Nescio
1937 3736 2052 3829 qui
2093 3735 2203 3823 fit,
2233 3750 2309 3805 ut
2345 3734 2449 3805 Cl.
2481 3739 2786 3807 Dulaure

648 3866 729 3909 eo
784 3840 1233 3911 calamitatum
1290 3843 1689 3937 processerit
1716 3896 1735 3930 ‚
1783 3857 1860 3913 ut
1915 3866 2258 3937 nunquam
2316 3840 2466 3936 plus
2525 3842 2784 3913 dimidia

731 4027 817 4101 (1)
846 4034 1155 4089 Novioduni
1186 4054 1308 4089 sane
1333 4036 1617 4091 immemor
1646 4047 1760 4089 erat
1789 4036 1874 4089 Cl.
1906 4037 2131 4089 Dulaure
2144 4074 2159 4097 ,
2191 4033 2338 4107 quod
2362 4049 2585 4107 propter
2616 4036 2786 4091 altitu·

648 4112 829 4167 dinem
856 4115 999 4168 muri
1024 4135 1329 4187 expugnare
1356 4135 1468 4169 non
1493 4115 1672 4187 p‘otuit
1696 4114 1886 4183 Caesar.
