3017 5042
826 443 1697 536 GEOGRAPHICUS.
2182 441 2329 529 345

197 574 648 644 Constantiam
677 570 1132 642 Alamanicam
1162 567 1654 661 (constance),
1685 572 1989 641 Basiliam
2020 570 2328 661 (Basle),

194 684 705 773 Argentoratum
742 674 1272 775 (Strasbourg),
1321 681 1831 773 Moguntiacum
1874 674 2331 773 (Mayetzce),

195 785 539 855 Coloniam
565 787 1003 881 Agrippinam
1031 780 1410 881 (Cologne)
1437 801 1504 855 et
1530 787 1909 880 Trajectum
1936 782 2333 873 (Utrecht).

194 894 476 963 Duobus
519 894 884 986 majoribus
925 896 1140 981 ostiis,
1185 892 1292 961 alii
1327 892 1561 962 dicunt
1594 894 1839 981 tribus,
1878 895 1946 964 in
1984 896 2333 962 Oceanum

193 998 510 1068 influebat
559 998 735 1094 apud
785 1000 1192 1094 Lugdunum
1238 1004 1663 1069 Batavorum.
1720 1002 1983 1095 Recipit
2031 1001 2100 1069 in
2147 999 2339 1069 alveo

195 1128 334 1189 su0,
355 1120 598 1201 praeter
615 1106 776 1175 alios
792 1160 811 1193 ,
828 1120 964 1176 tres
988 1108 1272 1201 majores
1291 1107 1529 1199 fluvios
1543 1161 1561 1195 ‚
1580 1106 1717 1177 scil.
1743 1105 2017 1175 Arolam
2036 1101 2335 1193 (l'Aar),

191 1214 516 1282 Nicerum
559 1207 666 1298 (le
697 1208 1010 1299 Nec-ker)
1053 1228 1120 1283 et
1159 1212 1512 1283 Mosellam
1558 1210 1681 1301 (la
1710 1208 2065 1299 Moselle).
2118 1216 2341 1308 Virgi-

193 1317 314 1387 lius
335 1372 354 1406 ,
395 1318 438 1388 l.
473 1343 607 1389 vm
628 1372 646 1407 ,
690 1320 1023 1391 Rhenum.
1045 1318 1335 1415 appellat
1375 1318 1746 1407 bicornem,
1790 1345 1947 1390 sane
1990 1322 2143 1415 quia
2176 1320 2342 1389 duo-

109 1496 114 1503 ,
190 1426 314 1494 hus
351 1426 540 1495 ostiis
578 1427 648 1493 in
681 1450 868 1495 mare
903 1425 1179 1495 influere
1213 1427 1531 1495 Rhenum
1563 1428 1997 1496 existimabat.
2032 1430 2114 1495 In
2142 1453 2345 1496 num-

188 1533 316 1601 mis
342 1532 552 1601 habet
587 1531 720 1601 duo
757 1557 1046 1620 cornua3
1083 1558 1241 1602 nam
1270 1534 1342 1601 in
1375 1534 1666 1601 nummis
1702 1558 1955 1601 cornua
1993 1534 2347 1603 fluminum

189 1639 524 1733 capitibus
571 1640 880 1734 imposita
925 1665 1278 1709 numerum
1323 1641 1646 1709 ostiorum
1692 1636 2005 1707 indicant.

295 1748 714 1816 RHODANUS
753 1739 871 1836 (B.
910 1750 994 1815 G.
1032 1729 1142 1815 lib.
1173 1770 1234 1834 1,
1272 1772 1328 1816 c.
1381 1738 1484 1835 1).
1531 1750 1719 1814 Inter·
1758 1744 1887 1830 43⁰
1915 1743 1961 1827 ἑ
2000 1741 2129 1831 46⁶
2158 1744 2203 1829 ξ
2236 1746 2349 1814 lat.

193 1851 268 1921 2⁰
301 1866 378 1921 et
412 1849 489 1919 6⁰
519 1850 695 1946 long.
735 1856 967 1922 Unum
997 1878 1034 1921 e
1063 1855 1367 1923 maximis
1397 1852 1631 1923 Galliae
1667 1851 2070 1929 fluminibus
2106 1851 2357 1921 Deno-

185 1961 378 2027 mine
416 1972 640 2027 autem
681 1958 1003 2028 nonnulla
1047 1974 1146 2029 est
1181 1963 1355 2029 inter
1391 1960 1625 2029 doctos
1669 1962 2055 2043 contenti03
2104 1958 2357 2027 Plinius

186 2066 256 2132 in
295 2064 420 2135 lib.
468 2088 552 2133 111
573 2116 590 2148 ,
639 2088 782 2161 cap.
826 2070 871 2153 4
895 2121 913 2156 ,
953 2090 992 2134 a
1043 2066 1287 2137 Rhoda
1330 2067 1751 2136 Rhodiorum
1794 2064 2055 2135 colonia
2105 2064 2359 2134 dictum

183 2197 338 2241 esse
387 2172 484 2239 ait
510 2196 524 2239 :
553 2174 852 2267 Agatha
892 2174 1244 2269 quondam
1283 2176 1823 2244 Massiliensium
1860 2190 1935 2241 et
1968 2178 2157 2267 regio
2192 2174 2361 2241 Vol·

184 2302 442 2363 carum
496 2282 948 2375 Tectosagum
961 2336 980 2367 ,
1024 2297 1235 2376 atque
1270 2279 1391 2351 ubi
1415 2280 1667 2351 Rhoda
1706 2280 2123 2351 Rhodiorum
2140 2280 2309 2371 ficit
2331 2307 2359 2365 ,-

181 2386 388 2455 unde
419 2384 642 2454 dietus
677 2390 890 2457 multo
921 2389 1308 2457 Galliarum
1312 2389 1799 2480 jertz‘lckszmus
1832 2387 2213 2457 Rhodanus
2215 2384 2371 2477 stu·-

182 2499 370 2562 vius.
408 2491 694 2561 Plinium
732 2496 1032 2589 sequitur
1066 2496 1403 2581 Isi-dorus,
1439 2494 1480 2562 l.
1522 2517 1658 2563 xm
1683 2549 1701 2578 ,
1744 2517 1802 2562 c.
1844 2520 1884 2562 2
1906 2516 1931 2562 1
1970 2520 1989 2581 3
2020 2507 2089 2560 at
2119 2493 2359 2561 Strabo

180 2601 386 2669 hanc
431 2600 748 2669 Rhodam
780 2587 938 2676 Po‘nv
983 2616 1219 2689 vocat,
1261 2616 1330 2671 et
1371 2601 1673 2669 eamdem
1720 2600 1959 2667 urbem
2002 2599 2163 2667 facit
2206 2624 2365 2667 cum·

175 2706 506 2803 Agatha
543 2693 1098 2803 (Po‘nvayoeflfflv),
1133 2732 1333 2802 quam
1366 2707 1530 2777 dicit
1562 2732 1601 2775 a
1626 2705 2188 2792 Massiliensibus,
2224 2729 2363 2772 non

177 2839 224 2882 a
265 2813 600 2901 Rhodiis,
639 2814 1014 2907 conditam,
1051 2830 1130 2883 ut
1166 2838 1312 2883 eam
1348 2815 1661 2883 Barbaris
1706 2812 2020 2881 Rhodani
2060 2810 2365 2879 accolen-

172 2922 388 2990 tibus
441 2936 876 3015 opponerent.
931 2922 1317 2991 Marcianus
1363 2918 1763 2989 Heracleota
1798 2918 1937 3009 jam
1982 2919 2257 3005 citatus,
2294 2918 2364 2985 in

173 3026 470 3124 periplo
508 3026 715 3096 tradit
749 3027 1228 3115 Massilienses,
1257 3042 1499 3122 praeter
1531 3025 1849 3095 Rhodam
1880 3022 2078 3094 aliam
2110 3026 2180 3091 in
2212 3026 2363 3093 His·

171 3135 410 3231 pania
447 3132 788 3202 conditam
827 3159 863 3202 a
903 3135 1218 3222 Rhodiis,
1263 3133 1634 3203 condidisse
1678 3157 1944 3226 quoque
1978 3120 2261 3227 Ᾱγαθῆν,
2299 3146 2367 3200 et

173 3240 733 3313 Rhodanustam
764 3240 849 3308 ad
879 3240 1324 3325 Rhodanum3
1361 3240 1739 3334 Stephanus
1769 3262 2035 3333 quoque
2060 3238 2365 3307 eamdem

171 3350 452 3419 urbem
497 3361 694 3417 vocat
733 3346 1252 3417 Rhodanusiam
1287 3372 1308 3415 .·
1347 3362 1420 3417 et·
1455 3348 1546 3415 ab
1573 3372 1649 3415 ea
1688 3347 1857 3414 urbe
1900 3370 2132 3413 omnes
2170 3345 2365 3414 Rho-

173 3458 468 3526 danum
521 3478 768 3522 nomen
819 3480 1012 3523 suum
1065 3455 1396 3548 accepisse
1447 3454 1731 3523 credunt
1750 3505 1769 3539 ,
1828 3452 2013 3546 quod
2062 3452 2187 3545 ipsi
2234 3452 2366 3518 im-

171 3574 590 3659 posuerunt
612 3560 1056 3631 Massilienses
1075 3616 1092 3644 ,
1131 3564 1244 3655 qui
1272 3562 1342 3629 in
1371 3586 1452 3630 eo
1483 3561 1961 3629 commercium
1995 3559 2231 3653 ingens
2262 3558 2366 3625 fa-

169 3670 520 3752 ciebant,
555 3668 712 3761 quia
753 3669 1053 3735 omnium
1097 3667 1453 3736 fluviorum
1493 3665 1727 3737 Galliae
1770 3666 2055 3733 maxime
2098 3663 2370 3758 rapidus

167 3788 391 3847 esset
423 3773 536 3855 :id
578 3776 754 3843 enim
793 3798 927 3843 vox
966 3760 1240 3853 1³03oequ
1282 3788 1490 3843 sonat.
1524 3772 1655 3841 Alii
1697 3786 1921 3840 autem
1952 3794 2197 3838 nomen
2236 3770 2367 3839 hoc

166 3882 534 3956 celticum
569 3878 712 3949 esse
753 3895 1031 3975 putant,
1073 3880 1189 3949 sed
1233 3905 1369 3949 non
1415 3879 1647 3948 dicunt
1683 3904 1722 3946 a
1765 3903 1901 3972 quo
1943 3877 2199 3963 veniat,
2244 3902 2369 3947 nec

167 3988 380 4087 quid
425 3988 800 4082 significet:
843 4003 914 4056 at
962 3989 1116 4056 satis
1161 4002 1261 4056 est
1303 3986 1386 4055 de
1430 3987 1714 4055 nomine.
1763 3982 2130 4052 Rhodanus
2168 3985 2370 4077 igitur

163 4096 468 4167 nostris
505 4094 719 4166 dictus
761 4097 824 4163 le
856 4090 1128 4181 Rhome,
1171 4095 1384 4163 oritur
1420 4094 1488 4160 in
1526 4090 1804 4185 Alpibus
1840 4091 2152 4161 Penninis
2192 4090 2371 4185 apud
