3017 5042
635 447 737 544 58,
1069 452 1845 522 SUPPLEMENTA
1896 451 2299 537 VAR1A‚·

631 597 786 654 sunt
815 583 1132 678 capienda
1151 638 1170 674 ,
1211 585 1326 656 sed
1369 609 1450 654 ea
1489 582 1897 678 recipienda,
1934 608 2079 676 quae
2100 635 2118 670 ,
2158 596 2235 652 ut
2265 581 2359 654 ait
2390 583 2760 668 Homerus,

631 689 866 783 Odyss.
905 689 951 758 l.
992 693 1069 777 I,

732 793 876 864 AB«
925 796 1120 866 πάλαι
1169 794 1504 888 περίκηλα,
1566 795 1651 864 τὰ
1708 796 1765 862 οἱ
1816 798 2073 864 πλώοιεν
2120 796 2391 888 ἐλαφρῶς
2430 820 2444 862 :
2500 793 2755 864 dudum

633 901 999 992 arefacta,
1031 927 1172 997 quo
1197 908 1610 997 navigarent
1638 903 1882 972 lenter

730 1010 1056 1078 Praeterea
1066 1061 1090 1096 ,
1107 1034 1168 1076 sc
1160 1008 1441 1078 wldar
1461 1008 1723 1078 tabuloe
1746 1012 2310 1102 compingantur,
2332 1031 2539 1100 quum
2560 1011 2754 1076 nati-

627 1137 776 1184 vum
813 1114 1156 1184 humorem
1184 1115 1700 1204 exsudavetmt,
1736 1114 2263 1199 contrahuntur,
2294 1129 2369 1182 et
2388 1119 2603 1182 ramas
2610 1114 2748 1204 fa·

626 1224 811 1290 οἰιιηι
831 1221 1136 1308 latiores,
1153 1245 1290 1315 quo
1301 1221 1487 1290 nihil
1499 1221 2056 1315 estpen‘eulosius
2072 1219 2749 1314 napigana'waeg.

628 1328 717 1408 V,
738 1324 805 1395 6.
837 1327 1065 1414 Abies,
1084 1327 1250 1396 larix
1268 1380 1289 1414 ,
1307 1327 1668 1396 domestica
1700 1328 1895 1420 pinus
1915 1379 1935 1413 ,
1956 1341 2023 1395 et
2058 1324 2249 1394 alnus
2285 1327 2457 1396 inter
2482 1326 2754 1396 arbores

628 1430 788 1504 alias
812 1434 1143 1528 praecipue
1162 1433 1715 1502 commendantur
1737 1457 1777 1500 a
1796 1432 2245 1526 scriptoribus.
2275 1435 2605 1502 Persicam
2628 1431 2755 1501 lau·

628 1537 742 1606 dat
758 1536 921 1608 Plin.
945 1542 1116 1608 XIII
1131 1594 1151 1628 ‚
1169 1563 1250 1635 93
1277 1537 1551 1610 clettam
1578 1552 1647 1608 et
1666 1537 1989 1634 populum
2014 1543 2209 1608 Hom.
2242 1538 2369 1609 Od.
2400 1543 2477 1608 E.
2511 1539 2756 1608 Praeter

628 1643 962 1714 levitatem
985 1647 1342 1740 requiritur
1364 1647 1571 1715 robur
1585 1699 1605 1733 ,
1619 1669 1819 1739 quam
1842 1645 2295 1740 adsequuntur
2310 1669 2575 1740 quoque
2592 1670 2763 1740 opeff

628 1750 783 1817 rarii
825 1753 1116 1820 materiae
1156 1752 1434 1821 delectu.
1480 1753 1857 1822 Praesertim
1894 1766 2117 1821 autem
2162 1751 2435 1820 materia
2472 1765 2755 1846 tempes-

627 1856 766 1924 tivo
799 1870 1104 1954 tempore
1141 1860 1225 1928 sit
1247 1883 1414 1928 caesa
1450 1860 1847 1952 requiritur:
1881 1881 2037 1927 nam
2068 1859 2522 1952 intempestive
2542 1881 2583 1925 a
2608 1883 2753 1926 ver-

627 1963 844 2032 mibus
881 1962 1076 2034 facile
1111 1965 1508 2059 perforatur.
1538 1968 1577 2032 J
1577 1979 1802 2034 ustum
1833 1989 1991 2033 vero
2030 1979 2292 2058 tempus
2325 1977 2429 2032 est
2461 1969 2753 2059 apt-imo

628 2084 990 2156 autumrw,
1023 2071 1128 2140 ad
1157 2072 1239 2142 id
1257 2087 1521 2166 tempus
1533 2123 1557 2156 ,
1591 2071 1784 2164 quod
1804 2077 1937 2140 erit
1972 2086 2347 2164 antequam
2354 2068 2561 2160 flare
2586 2077 2752 2140 inci-

612 2181 780 2269 piat
792 2178 1160 2246 Favonius.
1187 2178 1419 2271 Veget.
1447 2175 1488 2243 l.
1519 2179 1621 2245 IV
1642 2229 1663 2262 ,
1684 2201 1743 2245 c.
1765 2174 1808 2246 3
1822 2173 1883 2247 5.
1910 2180 2083 2246 Cato
2100 2201 2397 2271 quoque:
2434 2179 2603 2246 Tum
2615 2183 2753 2245 ,erit

626 2287 1022 2376 tempestiva
1067 2289 1388 2352 mater-les
1400 2336 1422 2369 ,
1469 2306 1675 2377 quum
1716 2307 1945 2352 semen
1971 2307 2169 2352 suum
2222 2297 2562 2352 malm-um
2606 2289 2750 2352 eru.

625 2389 718 2454 Et
759 2387 1027 2480 quidem
1048 2443 1067 2474 ,
1124 2391 1292 2458 luna
1326 2405 1669 2458 crescente
1684 2443 1705 2476 ,
1738 2406 1913 2484 post
1952 2389 2312 2458 meridiem.
2353 2389 2645 2477 Deinde,
2679 2404 2754 2458 ut

627 2496 1117 2588 compaginatio
1142 2498 1228 2564 sit
1260 2493 1466 2565 solida
1489 2548 1509 2582 ,
1538 2519 1727 2564 oerea
1753 2495 2086 2584 videlicet,
2110 2520 2263 2564 nam
2291 2495 2543 2564 ferrum
2567 2497 2753 2564 brevi

624 2600 694 2668 in
739 2603 924 2693 aquis
966 2603 1380 2672 consumitur
1421 2603 1746 2697 rubigine.
1793 2604 2141 2671 Postremo
2184 2603 2631 2672 commissurae
2667 2617 2753 2672 ta·

626 2705 933 2776 bularum
980 2711 1266 2778 maxima
1309 2735 1464 2778 cum
1507 2733 1670 2778 cura
1697 2707 2063 2778 'firmandae
2102 2723 2275 2776 sunt.
2319 2711 2451 2778 Eas
2496 2725 2752 2805 stuppa

628 2806 914 2896 (Graecis
929 2807 1254 2903 στυπείῳ),
1271 2839 1363 2886 ea
1379 2818 1721 2910 lt’niparte
1728 2869 1751 2903 ,
1766 2839 1928 2910 quae
1939 2819 2277 2910 proxima
2296 2820 2571 2902 corui-i,
2588 2818 2751 2885 mal-

627 2921 734 2988 leo
773 2927 1134 3017 stuppario
1171 2939 1494 3008 contusa,
1533 2929 1881 3017 stipantur
1902 2921 2207 3012 artifices
2240 2926 2419 2990 ahter
2450 2927 2649 3016 tigna
2686 2938 2755 2990 et

626 3031 840 3094 rimas
865 3033 1136 3096 navium
1161 3029 1685 3114 dehiscentium,
1708 3026 2063 3122 aliquando
2086 3028 2285 3095 etiam
2306 3041 2533 3120 sparto
2546 3080 2567 3115 ,
2595 3053 2752 3122 praee

628 3133 822 3224 cipue
851 3135 1103 3220 Graeci,
1133 3148 1209 3202 ut
1243 3134 1442 3203 docet
1467 3135 1687 3203 Varro
1717 3133 1897 3228 apud
1928 3137 2007 3203 A.
2044 3131 2213 3204 Gell.
2246 3133 2287 3201 l.
2327 3136 2533 3221 XVI,
2566 3159 2625 3202 c.
2663 3137 2750 3222 43

629 3238 882 3330 stipatae
921 3241 1366 3309 commissurae
1402 3240 1585 3310 hunc
1610 3242 1679 3308 in
1722 3240 1995 3310 modum
2022 3240 2444 3334 ungebantur
2478 3264 2633 3309 cera
2667 3239 2749 3308 li-

627 3342 826 3437 quida
853 3397 874 3431 ,
916 3343 1020 3414 vel
1053 3348 1248 3440 pice,
1278 3345 1383 3414 vel
1425 3348 1659 3416 resina.
1692 3347 1891 3416 Ovid.
1936 3349 2143 3441 Epist.
2186 3347 2363 3414 OEn.
2404 3370 2470 3414 .v.
2514 3351 2611 3432 [μ
2650 3400 2670 3434 ,
2740 3395 2747 3406 ·

949 3508 1178 3568 Caerula
1205 3524 1424 3570 ceratas
1449 3512 1661 3590 accipit
1692 3511 1848 3569 unda
1876 3523 2045 3569 rates.

629 3661 975 3741 Quiane...
1003 3663 1241 3734 suidas
1280 3689 1426 3734 voc.
1465 3663 1791 3732 Ναυσικάα
1821 3690 1836 3733 :
1876 3666 2150 3732 ἑπέκαιον
2188 3673 2325 3742 ταῖς
2357 3666 2530 3735 ναυσὶ
2572 3665 2750 3734 ‘it-‘ric-

628 3795 738 3836 σαν
771 3770 922 3864 πρὸς
948 3769 1302 3861 ἀσφάλειαν.
1348 3772 1687 3839 Pkoeaces
1688 3821 1793 3839 .....
1814 3794 2022 3840 naves
2047 3776 2215 3865 pice
2254 3795 2555 3840 acc-ema
2580 3798 2750 3868 per·-

628 3875 992 3968 ungcbant.
1039 3877 1182 3946 Nec
1217 3891 1476 3944 tantum
1518 3878 1963 3946 cas-materias
2000 3879 2273 3947 seorsim
2318 3877 2753 3967 adhibebant,

628 3979 745 4048 sed
773 3996 842 4050 et
877 3982 1230 4067 confiisas3
1272 3981 1448 4052 unde
1481 3989 1833 4079 zopissam
1852 3983 2034 4052 -dixit
2066 3983 2347 4072 Plinius,
2390 3983 2501 4052 lib.
2538 3987 2704 4054 XVI
2731 4035 2751 4072 ‚

629 4109 773 4180 cap.
824 4111 849 4156 1
869 4086 912 4158 3
935 4139 954 4172 ,
999 4090 1173 4161 hanc
1215 4092 1753 4160 commixtionem
1798 4090 1992 4185 picis,
2036 4114 2205 4160 ceroe
2246 4105 2315 4160 et
2348 4092 2612 4178 resinae,
2647 4090 2751 4160 cui
