3017 5042
629 469 769 514 122
1096 441 1555 512 NOTITIA
1609 439 2272 510 LITTERARIA.

618 577 817 644 etiam
842 574 1325 661 adscribamuS‚
1355 573 1522 668 quid
1549 572 1858 641 videatur
1883 572 2076 642 nobis
2103 548 2186 640 de
2211 571 2590 667 fragmento
2614 574 2776 658 isto,
2841 593 2849 608 ²
2943 641 2954 650 ,

618 681 799 776 quod
832 675 1141 776 scriptori
1170 681 1255 750 de
1286 679 1469 748 bello
1480 680 1902 774 Hispaniensi
1937 681 2005 747 in
2031 703 2152 748 sua
2173 681 2458 748 Caesaris
2483 677 2778 748 editione

616 789 897 882 subjecit
938 787 1407 858 Gothofredus-
1444 789 1958 880 Jungermanus.
2011 785 2196 854 Dicit
2246 785 2378 858 hoc
2411 799 2776 880 repertum

617 919 759 963 esse
802 896 870 962 in
914 894 1143 966 codice
1178 893 1433 986 Cujacii
1454 945 1473 981 ‚
1501 919 1639 962 non
1662 894 1970 986 apposito
2005 893 2276 961 nomine
2305 917 2320 959 τ
2351 893 2531 960 item·
2550 894 2620 960 in
2649 915 2778 960 co·—

616 1000 767 1070 dice
806 1003 1202 1087 Petnviano,
1240 999 1360 1070 sed
1403 1001 1676 1068 nomine
1720 997 2118 1068 Petrarehae·
2139 997 2492 1098 adscripto.
2513 987 2780 1068 'Memi-

615 1109 715 1176 nit
754 1108 1051 1201 ejusdem
1074 1107 1522 1177 Casaubonus
1543 1159 1562 1192 ,
1589 1106 1764 1174 notis
1801 1107 1872 1173 in
1901 1104 2272 1198 Tranquilli
2303 1103 2418 1178 lib.
2445 1108 2484 1172 ·1
2501 1158 2520 1188 ‚
2543 1129 2600 1172 c.
2642 1101 2779 1183 56,

615 1214 731 1282 ubi
770 1217 897 1283 ista
926 1215 1229 1283 invenies
1261 1239 1277 1282 ε
1312 1241 1348 1278 ε(
1384 1217 1504 1282 Est
1528 1215 1798 1306 antiqua
1824 1211 1952 1280 loci
1977 1212 2178 1304 hujus
2191 1211 2606 1306 depravatio.
2640 1213 2778 1283 Re-

616 1322 910 1416 perimus
951 1323 1131 1389 enim
1184 1319 1524 1416 vulgatam
1573 1318 1960 1404 lectionem,
2005 1304 2146 1386 non
2189 1316 2405 1387 solum
2457 1315 2525 1386 in
2575 1316 2775 1388 codd.

615 1427 911 1496 Suetonii
948 1428 1189 1496 nostris
1218 1427 1528 1495 omnibus
1549 1479 1566 1510 ‚
1602 1425 1720 1494 sed
1746 1427 1946 1493 etiam
1979 1426 2048 1492 in
2075 1424 2453 1518 fragmento
2479 1423 2779 1518 quodam

616 1557 841 1602 rerum
880 1537 918 1602 J
922 1533 1033 1604 ulii
1062 1535 1381 1619 Caesaris,
1425 1532 1607 1628 quod
1645 1555 1726 1599 ex
1750 1533 1959 1601 veteri
1981 1529 2156 1599 libro
2175 1519 2614 1631 descriptum,
2648 1531 2780 1598 he-

616 1638 859 1708 neficio
884 1641 1009 1708 -viri
1026 1640 1451 1709 eruditissimi
1478 1641 1516 1706 J
1519 1639 1713 1707 aeobi
1731 1639 2074 1732 Bongarsii
2093 1691 2111 1724 ‚
2129 1638 2308 1704 nacti
2333 1625 2580 1706 sumus.
2603 1639 2784 1706 Con-

616 1748 865 1816 tinetur
901 1748 977 1816 iis
1019 1745 1279 1816 schedis
1312 1744 1467 1814 belli
1504 1747 1959 1839 Hispaniensis
1985 1745 2262 1814 historia
2291 1767 2332 1811 a
2367 1743 2573 1812 fratre
2607 1767 2780 1836 quo·

616 1851 768 1921 dam
808 1853 1143 1922 cucullato
1187 1879 1269 1922 ex
1312 1853 1634 1922 Suetonio
1654 1905 1673 1938 ‚
1718 1851 1938 1920 Hirtio
1959 1905 1978 1938 ‚
2023 1851 2296 1944 aliisque
2329 1852 2736 1924 concinnata
2761 1903 2781 1936 ‚

616 1957 816 2054 glane
862 1971 1243 2055 μὀναχικῶς,
1294 1961 1419 2029 etsi
1462 1983 1602 2026 non
1639 1957 1950 2026 monachi
1994 1982 2290 2051 prorsus,
2313 1955 2482 2024 stilo.
2533 1985 2568 2020 »
2617 1957 2789 2025 Non.

615 2059 948 2160 patiemur
1002 2067 1249 2166 diutius
1298 2065 1552 2133 liaerere
1595 2066 1776 2132 viros
1819 2064 2054 2133 doctos
2092 2067 2174 2134 in·
2199 2089 2270 2132 re
2311 2061 2608 2132 levicula.
2657 2065 2784 2132 Est

616 2169 1066 2266 fragmentum
1113 2170 1275 2240 illud
1319 2171 1704 2240 desumtum
1748 2195 1830 2238 ex
1865 2169 2022 2238 Julii
2059 2169 2235 2240 Celsi
2283 2171 2784 2240 commentariis

620 2277 705 2347 de
749 2281 882 2348 vita
927 2279 1080 2346 Julii
1120 2279 1411 2347 ›Caesaris
1452 2277 1646 2345 editis
1689 2301 1866 2346 anno
1913 2298 2405 2347 Mecectxxm.
2453 2279 2574 2345 Est
2618 2299 2786 2344 vero

618 2383 729 2453 hic
762 2383 996 2454 Celsus
1024 2384 1200 2453 idem
1220 2437 1239 2472 ‚
1264 2386 1378 2479 qui
1412 2386 1743 2454 Caesarem
1771 2386 2104 2453 recensuit
2131 2408 2146 2452 t
2180 2382 2358 2451 unde
2385 2381 2610 2452 multis
2633 2383 2782 2452 Cae·

622 2493 784 2560 saris
826 2491 1018 2568 codd.
1060 2493 1250 2560 MSS.
1302 2491 1730 2585 subjunctum
1773 2489 2014 2586 legitur
2058 2515 2074 2558 τ
2115 2489 2336 2560 Julius
2376 2491 2615 2561 Celsus
2656 2493 2732 2558 V
2725 2494 2788 2557 ir

624 2599 1060 2668 Clarissimus
1111 2613 1186 2666 et
1234 2601 1473 2670 Comes
1524 2603 1836 2667 recensui
1845 2625 1872 2685 ,·
1921 2595 2028 2666 vel
2083 2598 2216 2666 hoc
2257 2610 2456 2691 pacto
2503 2622 2517 2664 :
2563 2597 2790 2665 Ιιιῖίαε

624 2705 859 2774 Celsus
922 2708 1413 2776 Constantinus
1464 2707 1550 2772 V.
1599 2707 1673 2776 C.
1731 2707 1882 2798 legi.
1943 2702 2211 2798 Aliquid
2256 2705 2456 2771 etiam
2515 2703 2599 2772 de
2649 2703 2786 2772 hoc

620 2813 945 2906 scriptore
968 2811 1255 2880 diximus
1295 2810 1403 2879 lib.
1441 2813 1508 2878 V
1547 2812 1838 2880 Institut.
1870 2812 2338 2880 oratoriarum
2371 2833 2514 2903 cap.
2555 2807 2622 2878 3.
2670 2812 2786 2880 In·

619 2931 724 2985 ter
755 2919 1109 2987 historicos·
1132 2919 1423 2986 refertur
1442 2970 1461 3002 ‚
1492 2933 1558 2986 et
1593 2915 1946 3013 diligenter
1977 2917 2062 2987 de
2082 2920 2119 2985 J
2123 2909 2544 2988 ulii-Caesaris
2581 2919 2785 3010 gestis

623 3025 961 3118 scripsisse
980 3077 1000 3110 ‚
1032 3026 1226 3092 etiam
1268 3024 1516 3092 dieitur
1547 3047 1584 3092 a
1623 3020 1948 3093 Gualtero
1981 3022 2242 3092 Burlaeo
2283 3022 2566 3118 Anglico
2587 3073 2607 3110 ‚
2647 3025 2784 3092 -Pe-

620 3130 905 3198 trarehae
935 3130 1206 3224 aequam
1234 3145 1312 3198 ut
1348 3133 1626 3200 omnino
1663 3129 1858 3198 valde
1887 3145 2148 3217 errent,
2184 3131 2302 3224 qui
2329 3129 2800 3224 fragmentum·

622 3249 777 3304 ante
821 3251 1263 3306 memoratum
1309 3239 1516 3332 ipsius
1565 3237 1942 3306 Petrarchae
1985 3261 2126 3306 esse
2175 3229 2432 3305 volunt.
2478 3239 2652 3304 Sane
2698 3259 2786 3304 ex

622 3338 985 3412 istis'Celsi
1030 3342 1250 3430 libris,
1288 3369 1580 3438 ‘quorum
1619 3369 1658 3412 a
1699 3345 1966 3412 nemine
2015 3358 2170 3413 ante
2207 3367 2330 3412 nos
2373 3317 2784 3420 mentionem

622 3447 865 3518 factam
908 3452 1153 3537 miror,
1197 3449 1409 3538 multa
1438 3452 1505 3518 in
1539 3453 1801 3519 Caesare
1841 3449 2122 3519 feliciter
2161 3462 2442 3544 possunt
2487 3449 2747 3518 restitui
2768 3503 2786 3534 ‚

624 3557 805 3650 quod
840 3557 1198 3652 aliquando
1219 3611 1238 3644 ‚
1274 3559 1381 3625 σὺν
1412 3558 1530 3643 θεῷ
1552 3610 1571 3643 ,
1608 3556 2051 3625 ostendemus.
2099 3559 2435 3626 Caeterum
2471 3557 2786 3641 oxoniae,

623 3663 695 3732 in
753 3662 1069 3760 collegio
1100 3665 1421 3759 Corporis
1466 3654 1720 3732 Cl'iristi
1742 3717 1761 3744 ‚
1797 3663 2002 3732 habes
2061 3665 2207 3733 MS.
2263 3687 2419 3733 cum
2457 3662 2588 3732 hac
2637 3663 2783 3757 epi-

627 3771 882 3864 graphe
912 3797 926 3838 :
954 3775 1023 3842 C.
1052 3773 1221 3840 ,Iulii
1244 3774 1693 3866 Caesarz‘sper
1711 3772 1960 3842 ,sulcum
1994 3772 2260 3842 Celsum
2293 3773 2780 3860 commentat-22⁰.

624 3877 875 3946 Utrum
908 3879 1219 3964 Caesaris,
1257 3901 1344 3944 an
1370 3876 1552 3946 Celsi
1591 3877 1753 3965 sint,
1788 3875 2024 3946 melius
2065 3877 2356 3946 dixerint
2385 3878 2499 3971 qui
2535 3875 2782 3945 videre.

623 3983 944 4052 Extremo
978 3982 1144 4054 illud
1184 3982 1333 4053 loco
1362 3971 1653 4054 attexam
1675 4039 1694 4071 ‚
1731 3984 2215 4080 apudsextum
2253 3981 2599 4052 Aurelium
2632 3983 2790 4054 Vic-

627 4102 839 4158 torem
860 4143 879 4168 ,
912 4089 1087 4160 libro
1110 4091 1207 4162 ‘de
1246 4091 1526 4185 Origine
1570 4092 1802 4186 gentis'
1823 4093 2176 4177 Roma-nae,
2207 4088 2656 4184 quorumdam
2705 4085 2786 4156 ad
