3017 5042
957 444 1644 514 FRAGMENTA.
2330 465 2380 540 9

190 641 198 648 .
236 582 546 664 maaca,
577 583 613 646 ὁ
649 567 726 645 δὲ
763 579 1084 644 ΚΑΙΣΑΡ
1119 580 1237 644 ΕΝ
1259 579 1457 645 ΤΑΙΣ
1494 577 2021 646 ΕΠΙΣΤΟΛΑῙΣ
2051 581 2383 672 καταμεμ-

243 711 430 779 φεται·
471 685 588 762 τάς
629 711 704 751 τε
743 681 863 779 γὰρ
900 682 1141 779 πληγὰς
1183 686 1304 754 ὑπὸ
1343 694 1456 762 τῆς
1495 685 1683 769 βολῆς
1728 687 2135 779 εὐτονωτέρας
2178 685 2383 781 γίγνε-

245 793 399 876 σθαι,
421 797 668 870 ἑςῶτας
703 783 767 857 δ’
795 788 1224 883 ἀποψύχεσθαί
1248 817 1351 874 τε,
1375 789 1481 858 καὶ
1512 796 1643 867 τοῖς
1675 788 2010 858 ’ἐπιθέουσιν
2048 785 2382 869 εὖὸλῆτους

248 891 322 966 δι’
357 896 693 992 ἀτρεμίαν,
725 894 825 966 οἷα
864 899 1160 981 σκοποὺς,
1191 891 1361 966 εἶναι.
1397 901 1523 968 Ex
1548 898 1873 994 Appiani
1906 896 2017 966 lib.
2049 901 2154 983 II,
2188 903 2267 968 B.
2311 900 2381 970 C.

249 1031 306 1100 p.
341 1009 520 1102 477,
553 1004 661 1073 ed.
695 1004 930 1100 Steph.

344 1103 375 1134 ⁴
429 1111 764 1180 Peditatui
805 1110 1173 1180 :mandabat
1226 1111 1581 1206 Pompeius
1602 1164 1621 1198 ,
1668 1136 1753 1201 ne
1818 1110 1995 1180 ultra
2051 1109 2388 1180 discurre-

250 1232 375 1305 ret,
409 1240 630 1311 neque
663 1231 853 1286 extra
891 1215 1294 1314 phalangem
1333 1217 1805 1312 egrederetur3
1847 1219 2051 1286 immo
2096 1241 2221 1285 nec
2258 1214 2391 1284 tela

253 1325 633 1419 conjiceret3
670 1339 904 1394 verum
954 1338 1160 1394 staret
1195 1327 1264 1395 in
1310 1327 1662 1420 procinctu
1676 1379 1695 1412 ‚
1744 1339 1811 1394 et
1852 1325 2131 1419 sparsim
2167 1324 2390 1393 hasta-

253 1456 395 1500 rum
436 1433 609 1500 ictus
647 1455 853 1500 manu
893 1430 1260 1526 repelleret.
1305 1434 1525 1527 Atque
1554 1433 1685 1501 hoc
1724 1430 1931 1502 solers
1972 1432 2183 1501 Ducis
2228 1455 2389 1500 con-

254 1537 461 1607 silium
522 1539 594 1605 in
652 1537 995 1607 obsidione
1049 1536 1385 1608 nonnullis
1435 1538 1737 1634 adprime
1793 1538 2135 1633 probatur.
2179 1539 2391 1606 Porro

253 1647 470 1714 Caesar
519 1645 592 1713 in
650 1643 941 1739 quadam
985 1644 1265 1742 epistola
1317 1645 1692 1739 improbat3
1748 1670 1907 1713 nam
1965 1643 2095 1714 tela
2154 1641 2390 1739 procul

252 1752 488 1844 injecta
513 1752 824 1846 graviora
850 1750 1130 1823 vulnera
1153 1752 1495 1848 infligunt,
1515 1767 1583 1820 et
1608 1753 1927 1822 stantium
1950 1753 2210 1822 animus
2241 1776 2392 1820 con·
2433 1772 2440 1779 ·

252 1857 433 1945 cidit3
465 1859 720 1953 quippe
752 1883 876 1954 pro
909 1885 1114 1955 scopo
1146 1861 1401 1928 immoti
1421 1913 1442 1946 ‚
1478 1857 1867 1928 vulneribus
1903 1858 2395 1932 incurrentibus

254 1964 674 2058 objiciuntur.
709 1969 838 2036 Ex
876 1968 1202 2064 Appiani
1220 1965 1717 2050 ,Alexandrini
1747 1965 1857 2036 lib.
1905 1968 2023 2051 II,
2072 1969 2153 2034 B.
2200 1967 2275 2034 C.
2309 1988 2391 2059 p.

263 2075 448 2170 477,
503 2071 612 2140 ed.
659 2073 892 2170 Stepk.

351 2179 578 2268 Quam
597 2169 626 2266 (
645 2172 1128 2270 Britanniam)
1155 2183 1379 2252 Caesar
1395 2235 1412 2270 ‚
1436 2179 1545 2251 ille
1574 2195 1812 2250 auctor
1837 2179 2040 2248 vestri
2067 2177 2357 2247 nominis
2373 2229 2393 2264 ‚

255 2309 452 2379 quum
481 2288 949 2356 Romanorum
987 2289 1244 2382 primus
1279 2289 1588 2358 intrasset
1607 2342 1627 2376 ‚
1650 2288 1853 2357 alium
1880 2311 1953 2356 se
1988 2284 2223 2356 orbem
2250 2297 2392 2352 ter-

256 2415 471 2462 rarum
515 2394 782 2488 scripsit
833 2397 1190 2489 reperisse,
1237 2410 1438 2465 tantae
1481 2394 1955 2490 magnitudinis
1997 2393 2357 2462 arbitratus
2375 2442 2395 2477 ‚

257 2512 324 2567 ut
350 2524 488 2568 non
516 2500 920 2570 circumfusa
945 2504 1256 2590 Oceam,
1279 2501 1396 2578 sed
1422 2500 1771 2597 complexa
1800 2501 2019 2596 ipsum
2043 2501 2393 2570 Oceanum

257 2605 604 2676 videretur.
636 2608 762 2677 Ex
795 2611 1122 2678 Eumenz‘i
1151 2613 1419 2704 Paneg.
1457 2612 1581 2679 IV
1571 2665 1594 2697 ,
1636 2634 1695 2678 c.
1736 2632 1763 2678 1
1788 2632 1815 2677 1
1840 2660 1860 2695 ,
1902 2633 1967 2676 2.

547 2819 662 2888 De
705 2819 774 2889 C.
807 2819 978 2888 Jula·
1005 2821 1304 2890 Caesaris·
1339 2819 1649 2915 epistolis
1677 2821 2088 2888 testimonia.

353 3001 671 3097 Epistolae
715 3029 982 3100 quoque
1027 3005 1168 3099 ejus
1225 3005 1312 3074 ad
1371 3008 1690 3075 Senatum
1735 3018 2011 3074 extant:
2050 3027 2215 3099 quas
2253 3005 2400 3099 pri-

259 3133 398 3178 mus
422 3109 692 3179 videtur
718 3111 804 3179 ad
836 3113 1112 3209 paginas
1145 3126 1213 3180 et
1244 3111 1533 3181 formam
1568 3110 1969 3182 memorialis
2003 3109 2208 3180 libelli
2236 3135 2396 3179 con·

258 3217 560 3302 vertisse3
587 3243 796 3312 quum
822 3234 1016 3289 antea
1044 3217 1349 3289 consules
1373 3234 1440 3288 et
1468 3219 1672 3290 duces
1700 3244 1840 3288 non
1868 3219 1993 3288 nisi
2020 3233 2400 3287 transversa

259 3322 487 3392 charta
524 3325 866 3395 mitterent
917 3327 1213 3420 scriptas.
1252 3329 1502 3397 Extant
1541 3340 1608 3396 et
1644 3325 1729 3396 ad
1764 3328 2200 3412 Ciceronem3
2237 3326 2399 3394 item

259 3429 339 3498 ad
358 3428 739 3502 Familiares
764 3431 1146 3502 domesticis
1172 3432 1256 3503 de
1283 3433 1515 3502 rebus:
1543 3435 1612 3502 in
1648 3432 1891 3530 quibus
1916 3434 1971 3501 si
2000 3456 2134 3526 qua
2170 3431 2395 3501 occul·

260 3537 384 3606 tius
411 3537 809 3632 perferenda
827 3553 1047 3626 erant,
1074 3564 1196 3634 per
1220 3555 1414 3610 notas
1432 3543 1728 3636 scripsit,
1759 3540 1828 3609 id
1859 3554 1959 3608 est
1977 3594 1998 3627 ‚
2024 3540 2117 3610 sic
2142 3551 2395 3608 structo

260 3640 627 3714 litterarum
666 3645 902 3721 ordine
923 3699 942 3733 ‚
983 3661 1059 3715 ut
1101 3644 1359 3716 nullum
1402 3637 1686 3717 {erbum
1730 3647 1908 3716 effici
1942 3660 2185 3741 posset.
2225 3645 2411 3733 Quae

260 3751 314 3818 si
351 3753 500 3846 quis
541 3753 942 3847 investigare
979 3768 1048 3822 et
1089 3755 1397 3850 persequi
1431 3753 1664 3843 vellet,
1700 3767 2007 3848 quartam
2038 3751 2398 3820 elemento-

261 3881 404 3926 rum
440 3856 732 3929 litteram
755 3913 774 3946 ,
801 3859 869 3928 id
906 3874 1036 3946 est,
1061 3862 1128 3929 D
1169 3886 1294 3956 pro
1345 3863 1438 3948 Α,
1473 3875 1542 3930 et
1580 3860 1858 3956 perinde
1898 3857 2183 3951 reliquas
2215 3881 2395 3928 com·

262 3979 482 4036 mutet.
527 3969 658 4036 Ex
697 3969 884 4038 Suet.
923 3971 996 4036 ιἰι
1024 3970 1195 4040 Caes.
1241 3993 1300 4037 c.
1345 3963 1463 4038 56.

357 4073 666 4144 Scribere
725 4087 794 4143 et
855 4071 1073 4168 legere
1137 4069 1370 4160 simul,
1414 4073 1665 4142 dictare
1722 4087 1791 4142 et
1844 4070 2075 4140 audire
2132 4070 2398 4140 solitum
