3017 5042
625 433 724 504 60
1059 430 1862 505 SUPPLEMENTA
1915 435 2273 523 VAMA,

624 567 914 635 carinam
966 565 1203 634 ἀντλία·
1247 556 1518 654 Ᾰντλία,
1551 567 1765 660 inquit
1797 565 2000 636 schol.
2040 562 2375 659 Aristoph.
2420 566 2491 633 in
2527 567 2751 660 Equit'.

621 675 870 766 λέγεται
891 673 1082 750 τόπος
1107 699 1202 750 τις
1235 683 1348 740 τοῦ
1382 673 1629 757 πλοίου,
1658 672 1739 752 εἰς
1762 675 1829 740 ὅν
1860 673 1936 739 τὸ
1970 663 2133 765 ὕδωρ
2162 673 2489 766 σωρεύεται
2520 673 2601 750 εἰς
2637 677 2751 747 τῆν

623 787 788 845 ναῢν.
830 779 1079 846 Latinis
1113 784 1415 865 ζςεηϊίηα,
1468 779 1711 847 nostris
1750 801 2013 871 quoque
2051 779 2125 846 la
2164 783 2441 846 semine.
2492 780 2755 847 Carinae

625 897 844 951 autem
889 884 1045 952 olim
1061 935 1080 968 ,
1127 897 1205 954 ut
1250 884 1645 953 hodiernum
1662 939 1682 973 ,
1724 883 2167 978 affigebantur
2217 882 2397 978 ligna
2448 884 2755 978 'quaedam

627 990 976 1078 crassiora,
993 991 1344 1084 quominus
1370 989 1510 1088 illa,
1535 993 1590 1060 si
1613 992 1683 1059 in
1702 1014 1857 1058 saxa
1874 991 2243 1060 incurreret
2266 991 2453 1058 navis
2468 1044 2488 1078 ‚
2509 985 2772 1061 attere-.

625 1109 809 1163 retur
837 1097 1124 1165 rimasve
1150 1096 1592 1194 contraheret.
1622 1099 1723 1164 Ea
1745 1097 1962 1165 Graeei
1988 1099 2381 1188 χελεῦσματα
2406 1120 2750 1191 nuncupa-

627 1216 800 1270 runt.
827 1202 1052 1272 Ovidii
1093 1207 1293 1272 cunei
1318 1201 1521 1271 fuisse
1554 1201 1880 1270 videntur.
1915 1204 2188 1270 Metam.
2227 1200 2267 1269 l.
2305 1204 2406 1270 XI
2426 1252 2444 1284 ,
2470 1219 2536 1270 v.
2581 1198 2621 1272 5
2639 1205 2753 1288 14,

838 1373 1086 1446 Jamque
1116 1367 1316 1426 labant
1345 1367 1559 1440 cunei,
1593 1367 1955 1446 spoliataque
1987 1366 2245 1444 tegmine
2276 1385 2423 1424 cerae

823 1464 993 1522 Rima
1018 1476 1178 1541 patet
1190 1506 1841 1526 .................

627 1627 938 1719 Sequitur
982 1626 1341 1695 secundam
1385 1628 1677 1696 carinam
1713 1625 1887 1700 κοίλη
1938 1636 2051 1705 τῆς
2094 1627 2269 1712 νηὸς,
2322 1649 2438 1694 seu
2478 1626 2748 1720 γάστρα,

627 1734 761 1800 ima
787 1757 941 1826 pars
965 1734 1206 1826 navigii
1237 1757 1436 1827 supra
1468 1735 1823 1817 sentinam,
1850 1733 1920 1814 in
1947 1735 2179 1826 quam,
2206 1732 2319 1827 qui
2346 1730 2751 1802 abscondere

628 1863 699 1906 se
741 1837 1004 1922 volunt,
1040 1838 1468 1909 descendunt.
1523 1837 1803 1933 Polyaen.
1848 1837 1887 1905 l.
1926 1840 1958 1905 I
1988 1891 2008 1925 ‚
2048 1823 2275 1910 Ελένην
2322 1839 2634 1917 Μενέλαος
2672 1838 2751 1918 εἰς

627 1943 833 2018 κοίλην
851 1955 993 2012 ναῦν
1025 1943 1368 2039 κατέκρυψε
1395 1935 1612 2033 (Gall.
1638 1946 1703 2012 le
1704 1943 1914 2036 fond
1928 1944 2019 2012 de
2042 1945 2196 2012 cale
2210 1937 2257 2033 ).
2282 1946 2472 2012 Hanc
2490 1955 2749 2038 partem

627 2064 696 2118 et
743 2064 955 2118 totum
991 2074 1234 2144 corpus
1273 2051 1460 2118 navis
1497 2051 1821 2118 sustinent
1854 2057 2053 2142 νομεῖς
2069 2103 2088 2137 ,
2139 2048 2444 2144 ἐγκοίλια,
2489 2065 2746 2137 costoe,

629 2157 906 2241 Caesari,
929 2159 1000 2224 B.
1038 2157 1116 2223 C.
1148 2154 1187 2222 l.
1220 2159 1285 2242 Ι,
1309 2161 1689 2224 statumina
1718 2147 1937 2244 (Gall.
1984 2157 2083 2224 les
2110 2147 2508 2248 varangaes
2528 2146 2580 2244 ),
2607 2180 2752 2249 quoe

629 2285 713 2329 ex
747 2261 970 2328 carina
1011 2285 1272 2330 sursum
1294 2262 1733 2332 ascendentia
1766 2261 2142 2330 tabularum
2179 2259 2563 2330 ffilcimenm
2580 2314 2600 2348 ,
2632 2286 2752 2356 per

627 2365 921 2434 medium
968 2368 1184 2453 navis,
1242 2366 1446 2438 veluti
1498 2381 1697 2437 costae
1750 2392 1790 2464 a
1852 2369 2043 2462 spina
2097 2366 2277 2435 dorsi
2318 2366 2714 2436 animalium
2734 2421 2752 2454 ‚

629 2486 989 2540 transeunt.
1020 2473 1400 2542 Succedunt
1433 2476 1691 2560 latera,
1727 2498 1917 2568 graec.
1936 2471 2194 2566 πλευραί
2218 2463 2431 2560 (Gall.
2458 2473 2759 2542 strl‘bord

627 2593 702 2645 et
723 2577 1085 2666 bas-bord,
1119 2580 1262 2647 l'un
1274 2605 1466 2674 pour
1497 2582 1562 2649 le
1595 2572 1747 2649 οὸίέ
1779 2580 1991 2666 droit,
2032 2581 2281 2648 l’autre
2291 2602 2485 2673 pour
2510 2581 2576 2648 le
2603 2571 2755 2649 οὸίέ

623 2677 951 2778 gaaeke).
1003 2687 1083 2753 In
1113 2687 1215 2754 his
1249 2687 1569 2781 spondoe,
1622 2709 1813 2780 graec.
1844 2679 2257 2778 ὑποζώματα,
2293 2699 2449 2754 sunt
2480 2689 2707 2755 Zonae
2722 2739 2745 2773 ,

548 2823 554 2827 -
629 2789 808 2884 ligna
843 2791 1129 2860 rotunda
1171 2817 1210 2860 a
1237 2816 1435 2886 prora
1463 2794 1549 2861 ad
1584 2794 1861 2887 puppim
1892 2793 2144 2860 ambitu
2174 2815 2295 2860 suo
2324 2815 2562 2860 navem
2594 2817 2748 2860 con-

629 2897 928 2983 tinentia,
955 2897 1314 2967 Heliodoro
1342 2905 1657 2991 Ζωστῆρες
1684 2897 2048 2992 appellata,
2075 2896 2117 2965 l.
2147 2901 2199 2966 Ι.
2239 2897 2512 2986 Quanto
2550 2900 2753 2992 igitur

628 3000 822 3069 altior
865 3004 1080 3089 navis,
1117 3006 1304 3072 ta'nto
1339 3004 1561 3098 plures
1599 3008 1814 3073 Zonas
1857 3002 2160 3072 habebat.
2192 3006 2401 3072 Porro
2444 3002 2653 3073 latera
2682 3006 2749 3072 in

630 3121 763 3176 tres
808 3122 1028 3200 partes
1067 3108 1534 3178 dividebantur
1573 3112 1713 3179 istis
1755 3097 1951 3178 Zonis
1987 3108 2369 3197 distinctas3
2400 3108 2536 3178 scil.
2582 3135 2748 3204 qua-

631 3237 780 3280 rum
827 3215 962 3281 ima
1017 3213 1362 3284 dicebatur
1405 3217 1699 3309 Θάλαμος
1728 3270 1748 3304 ,
1802 3217 2177 3284 Thalamus
2196 3268 2219 3301 ,
2268 3216 2487 3284 media
2540 3218 2708 3312 Ζύγα
2732 3271 2751 3303 ,

633 3324 703 3390 Z
687 3327 892 3412 yga,'
913 3311 1233 3414 suprema‘
1255 3321 1524 3416 Θράνος,
1578 3323 1907 3392 Thr-anm.
1936 3321 2042 3389 Ab
2079 3320 2181 3389 his
2210 3323 2405 3390 Zonis
2438 3323 2751 3417 remige5‚

627 3450 784 3493 nam
829 3426 897 3492 in
944 3426 1071 3496 hae
1113 3426 1251 3496 sola
1295 3443 1484 3522 parte
1503 3481 1524 3515 ‚
1558 3427 1691 3500 scil.
1729 3430 1800 3495 in
1848 3451 2133 3522 corpore
2168 3428 2353 3496 navis
2398 3428 2767 3513 sedebant,-

629 3556 874 3601 nomen
905 3547 1307 3627 acceperunt
1344 3560 1361 3601 ε
1417 3559 1479 3601 v·
1518 3559 1625 3628 gr.
1663 3536 1943 3628 remiges
1984 3533 2327 3602 inferiores
2364 3532 2752 3603 dicebantur

629 3637 968 3731 Θαλάμιοι,
1027 3641 1472 3724 Thalamitoe,
1507 3639 1709 3708 medii
1751 3643 1989 3734 Ζῦγιοι,
2026 3643 2096 3709 Z
2080 3643 2339 3733 ygitae,
2381 3642 2749 3733 superiores

630 3745 808 3812 circa
847 3759 1246 3814 catastroma
1271 3737 1298 3833 (
1321 3747 1385 3814 le
1395 3737 1625 3840 pont)
1662 3745 1963 3814 sedentes
1995 3746 2295 3838 Θρανῖται
2313 3798 2333 3832 ,
2382 3745 2747 3815 Tkranitoe.

631 3851 816 3916 Inter
847 3853 1094 3938 zonas,
1135 3851 1483 3942 suntjbri,
1520 3844 1778 3938 ἑδώλια,
1804 3854 2080 3945 τρώγλη,
2104 3850 2429 3920 foramina
2452 3876 2576 3945 per
2606 3876 2751 3946 quae

631 3956 798 4021 remi
843 3957 1279 4026 exerebantur
1310 3947 1337 4045 (
1370 3955 1549 4051 quali
1594 3956 1731 4026 fere
1773 3957 1977 4027 modo
2004 3981 2139 4051 quo
2174 3957 2353 4051 apud
2388 3983 2511 4026 nos
2547 3982 2627 4026 ea
2655 3957 2747 4026 fo·

631 4061 886 4130 ramina
931 4087 1078 4155 quae
1122 4062 1397 4140 dicimus
1441 4065 1541 4134 les
1581 4063 1875 4134 sabords·
1890 4057 1936 4154 ).
1985 4065 2215 4132 Festus
2257 4065 2509 4158 τρώγλη
2556 4065 2751 4137 vertit.
