3017 5042
1367 397 1934 466 PRAEFATIO.

578 546 800 626 ptum,
829 544 898 598 et
924 543 1244 624 praeterea
1271 553 1354 598 ex
1378 526 1522 597 aliis
1550 529 1957 622 gravissimis
1980 530 2396 601 auctoribus¹
2427 535 2729 605 emenda-

577 652 720 707 tum
744 627 1307 733 publicaverimus
1329 660 1346 703 ε
1369 635 1552 729 quod
1568 635 1837 730 quidem
1858 660 2068 705 unum
2088 651 2157 706 et
2172 636 2350 733 idem
2372 639 2725 712 videbitur.

678 747 762 814 In
791 743 1008 838 capite
1035 742 1234 836 hujus
1262 738 1478 811 ultimi
1514 741 1869 812 voluminis
1916 760 2273 814 occurrent
2312 748 2539 815 omnia
2578 773 2729 842 quae

575 864 934 945 supersunt
963 851 1040 919 C.
1065 852 1122 917 J.
1149 848 1430 918 Caesaris
1452 848 1863 943 fragmenta,
1884 873 1964 918 ea
1986 865 2209 920 mente
2237 850 2349 922 hic
2374 850 2622 942 locata,
2648 871 2727 925 ut
2766 842 2781 848 i

575 981 808 1026 eorum
844 970 1036 1025 notas
1077 955 1164 1024 ad
1198 957 1238 1024 J
1244 1006 1259 1020 .
1292 953 1469 1024 Celsi
1507 970 1577 1024 et
1604 954 1944 1025 Plutarchi
1971 955 2227 1027 libellos
2266 972 2448 1028 tomo
2478 985 2724 1054 praece-

573 1063 773 1132 dente
823 1087 1101 1132 excusos
1152 1061 1547 1134 certioribus
1600 1064 1998 1157 paginarum
2052 1063 2307 1134 indiciis
2358 1065 2725 1162 iisdemque

575 1169 982 1242 facilioribus
1011 1169 1316 1238 remissas
1342 1169 1669 1264 reperire,
1693 1167 2095 1264 collatasque
2111 1168 2410 1264 judicare
2433 1175 2725 1266 queatis3

573 1303 722 1372 quae
764 1275 1035 1372 quidem
1081 1275 1367 1344 Caesarei
1402 1276 1647 1370 ingenii
1686 1273 2004 1370 reliquiae,
2042 1302 2206 1372 quas
2237 1278 2533 1374 undique
2566 1279 2724 1350 dili-

571 1383 753 1478 genti
806 1407 885 1451 ac
949 1380 1251 1476 religiosa
1305 1380 1655 1450 sedulitate
1702 1381 2091 1478 collegimus
2112 1437 2133 1471 ‚
2178 1410 2266 1453 ne
2309 1387 2504 1480 parvi
2546 1386 2723 1458 forte

569 1491 892 1558 momenti
917 1513 1058 1559 esse
1084 1489 1378 1583 primum
1407 1488 1920 1581 adspicientibus
1946 1489 2332 1578 videantur,
2355 1491 2547 1562 vobis
2563 1519 2721 1589 pro·

568 1597 745 1667 fecto
775 1594 1164 1664 indicabunt
1181 1647 1202 1680 ‚
1225 1591 1438 1689 qualis
1460 1607 1530 1663 et
1555 1609 1841 1689 quantus
1874 1597 1945 1663 in
1971 1599 2154 1665 omni
2179 1622 2421 1692 genere
2451 1601 2721 1690 orandi,

567 1702 844 1798 agendi,
885 1701 1347 1796 scribendique
1383 1703 1486 1768 vir
1526 1698 1634 1769 ille
1672 1702 2009 1771 exstiterit.

675 1809 922 1878 Miram
965 1832 1125 1903 erga
1167 1810 1563 1878 Ciceronem
1610 1823 1811 1901 atque
1860 1806 2033 1878 illius
2090 1811 2338 1880 amicos
2382 1811 2719 1882 solertiam

565 1931 634 1986 et
672 1941 1020 2012 propensae
1056 1914 1416 1984 voluntatis
1453 1913 1771 1983 affectum
1809 1940 2072 2011 semper
2106 1930 2176 1985 et
2205 1917 2453 2012 ubique
2490 1919 2719 1988 candi-

567 2023 694 2092 dus
747 2023 1010 2118 aperit:
1059 2020 1258 2090 Tullii
1313 2020 1586 2090 consilia
1605 2073 1625 2105 ‚
1673 2021 1951 2116 gratiam
1974 2075 1995 2109 ‚
2044 2022 2432 2117 dignitatem
2450 2080 2471 2112 ‚
2516 2052 2717 2122 opem

566 2154 792 2200 rerum
816 2129 1119 2198 omnium
1151 2129 1450 2223 exposcit
1476 2142 1545 2196 et
1570 2127 1917 2223 implorat3
1946 2153 2065 2198 sua
2096 2130 2272 2200 facta
2299 2131 2387 2200 ab
2417 2130 2532 2202 illo
2558 2159 2717 2228 pro-

563 2237 709 2306 bari
740 2234 1111 2330 triumphat
1129 2287 1148 2322 ‚
1179 2233 1458 2328 gaudet:
1489 2233 1654 2303 nihil
1688 2260 1728 2303 a
1768 2261 1837 2305 se
1865 2237 2093 2306 abesse
2129 2234 2393 2333 longius
2430 2238 2717 2309 crudeli-

567 2358 702 2412 tate
727 2355 1008 2411 testatur
1039 2368 1054 2410 ε
1086 2341 1484 2411 amicissime
1509 2357 1773 2428 monet,
1801 2357 2000 2438 atque
2022 2369 2147 2438 pro
2163 2343 2315 2438 jure
2340 2348 2717 2416 communis

563 2451 867 2519 amicitiae
908 2449 1108 2544 petit,
1148 2462 1225 2516 ut
1267 2446 1375 2516 ille
1412 2472 1451 2516 a
1491 2448 1791 2518 civilibus
1838 2451 2305 2521 controversiis
2353 2452 2714 2541 abstineat,

561 2572 630 2626 et
677 2555 963 2626 fortunae
1004 2553 1455 2650 quorumlibet
1503 2563 1864 2626 eventuum
1912 2559 2221 2644 Dominae
2261 2582 2340 2629 ac
2372 2559 2712 2654 Magistrae

557 2664 1011 2757 obsequatur:
1051 2662 1375 2750 honoreS,
1416 2663 1768 2757 pecuniam
1784 2719 1804 2751 ,
1846 2689 2080 2760 regum
2110 2666 2325 2753 viceS,
2366 2680 2711 2736 oratorum

559 2771 848 2866 principi
891 2770 1228 2864 ipsiusque
1273 2766 1623 2838 clientibus
1656 2768 2024 2864 pollicetur.

668 2879 748 2946 C.
806 2877 1105 2970 Oppium
1158 2890 1227 2944 et
1281 2875 1563 2944 Balbum
1617 2876 2005 2946 Cornelium
2070 2879 2183 2973 qui
2245 2903 2352 2946 res
2416 2878 2709 2948 absentis

559 2985 842 3052 Caesaris
900 2983 1227 3052 curabant
1254 3035 1274 3069 ,
1321 2996 1517 3077 rogat
1541 3035 1560 3067 ‚
1620 2997 1696 3050 ut
1750 2983 2040 3053 consiliis
2094 2986 2227 3054 suis
2271 2983 2587 3078 adjuvent
2633 2987 2707 3054 in

557 3088 876 3159 tentanda
920 3090 1175 3159 ratione
1220 3112 1399 3158 nova
1449 3090 1891 3184 Pompeianos
1940 3091 2285 3179 vincendi,
2337 3116 2577 3186 nempe
2626 3105 2707 3161 ut

555 3195 1006 3266 misericordia
1035 3211 1103 3265 et
1135 3191 1526 3264 liberalitate
1566 3200 1951 3293 semetipsos
1987 3199 2306 3268 muniant.

664 3304 970 3396 Denique
993 3357 1013 3391 ‚
1066 3316 1146 3371 ut
1193 3302 1277 3370 ad
1333 3317 1605 3372 caeteras
1660 3302 2185 3399 fragmentorum
2230 3319 2453 3399 partes
2477 3356 2496 3391 ‚
2539 3328 2695 3389 voS,

557 3409 836 3479 lectores
867 3408 1209 3492 benevoli,
1242 3434 1394 3477 cum
1425 3410 1605 3477 hona
1639 3413 1848 3503 gratia
1890 3413 2330 3496 remittamu5‚
2367 3434 2699 3503 nusquam

557 3519 634 3586 C.
679 3520 737 3585 J.
778 3517 1058 3585 Caesaris
1107 3529 1318 3584 totam
1368 3515 1655 3611 effigiem
1709 3519 1918 3611 magis
1960 3517 2043 3586 ad
2088 3518 2318 3585 vivum
2364 3516 2696 3611 depictam

555 3623 950 3717 adspicietis.
987 3623 1212 3692 Vivite
1249 3636 1316 3689 et
1354 3620 1591 3691 valete.

659 3730 941 3798 Lutetiae
979 3729 1419 3815 Parisiorum,
1459 3754 1637 3797 anno
1684 3751 2103 3799 Mncccxxn.

2196 3865 2279 3932 N.
2330 3865 2406 3930 E.
2455 3865 2625 3930 L..

547 4076 566 4086 ‘
637 4081 686 4114 1.
721 4061 1059 4114 S'rnvacnus
1079 4102 1095 4127 ,
1118 4062 1500 4114 Tonzonoaon
1518 4099 1535 4126 ‚
1564 4064 1912 4128 Dncnomns,
1941 4076 1995 4114 et
2017 4064 2247 4115 Roman.
