3017 5042
1045 170 1075 213 'k

695 411 821 481 DE
876 412 955 481 C.
1009 410 1334 480 JULIO
1389 411 1842 483 CAESARE.
2193 418 2326 487 131

225 558 429 613 tamen
458 557 527 611 et
560 542 972 613 verecunde:
1014 557 1327 611 caeterum
1361 567 1497 611 non
1538 545 1802 636 impura
1845 568 1958 632 ea,
2001 571 2124 617 nec
2167 550 2340 619 inve-

225 663 417 717 nusta.
442 678 477 713 >³
534 647 753 719 David
778 646 1263 734 ‘Hoeschelius,
1306 646 1583 742 epistola
1639 648 1722 717 ad
1767 652 1805 717 J
1809 674 2337 745 unget-mannum

228 757 289 839 4,
320 753 461 823 Kal.
503 756 661 848 Apr.
698 778 755 821 a.
808 752 1004 823 1606
1047 779 1063 821 :
1116 783 1151 818 α
1204 757 1832 849 Inter-pretationem
1874 755 2184 829 Planudis
2229 787 2340 856 po-

223 862 369 945 tius,
407 862 516 953 qui
546 872 614 927 et
648 860 975 928 Ovidiana
1001 860 1536 953 vertitquaedam
1565 886 1702 929 non
1729 860 2106 950 infeliciter,
2133 892 2336 965 quam

224 967 402 1035 Gazae
456 965 847 1035 crediderim
873 1017 892 1052 ,
945 965 1124 1059 quod
1174 990 1217 1033 e
1268 965 1610 1060 phrasium
1666 965 2087 1037 similitudine
2149 970 2339 1042 facile

218 1071 618 1163 conjecerim.
648 1100 683 1136 ³>
712 1073 945 1140 Petrus
982 1072 1382 1158 ScriveriuS,
1415 1071 1647 1141 litteris
1690 1071 1774 1141 ad
1820 1074 2128 1143 eumdem
2166 1080 2204 1145 J
2207 1103 2336 1147 un-

222 1202 637 1270 germannum
692 1203 707 1245 :
771 1207 805 1241 α
864 1176 1027 1245 Belli
1076 1175 1310 1262 Gallici
1353 1180 1678 1272 interpres
1737 1176 1844 1247 ille
1895 1198 2145 1275 graecus
2201 1210 2337 1253 non

220 1297 306 1351 est
335 1283 597 1377 quidem
640 1283 1193 1369 contemnendus,
1224 1282 1337 1351 sed
1370 1298 1594 1351 tamen
1637 1283 1818 1354 haud
1847 1287 1938 1353 ita
1975 1311 2219 1381 magno
2261 1290 2338 1359 li·

220 1401 483 1457 terarum
522 1387 972 1459 emolumento
1014 1388 1289 1482 legitur,
1326 1403 1403 1456 ut
1439 1389 1688 1483 absque
1724 1388 1856 1459 ulla
1886 1390 2336 1465 studiosorum

222 1492 427 1563 fraude
454 1509 721 1589 poterat
749 1494 1086 1564 obliterari
1105 1548 1126 1579 ‚
1160 1496 1454 1587 quisquis
1482 1510 1617 1583 est3
1645 1495 1758 1564 sed
1784 1494 2073 1592 legatur,
2101 1502 2155 1569 si
2191 1505 2336 1595 quis

218 1613 418 1669 tamen
446 1601 589 1669 haec
616 1626 881 1695 quoque
920 1615 1153 1695 captus
1192 1624 1421 1669 amore
1450 1599 1640 1695 leget.
1689 1630 1723 1666 >2
1771 1602 2083 1673 Occurrit
2112 1608 2181 1674 in
2209 1608 2337 1677 edi·

219 1706 378 1775 tione
410 1721 694 1802 utraque
721 1709 1119 1801 scriptorum
1148 1707 1425 1775 Caesaris
1450 1709 1490 1774 J
1492 1709 2090 1801 ungermanniana,
2119 1710 2335 1784 latinis

218 1834 286 1879 ex
320 1812 593 1882 adverso
644 1837 762 1907 per
809 1810 1097 1907 singulas
1140 1812 1415 1906 paginas
1454 1815 1709 1905 posita,
1740 1813 1840 1880 uti
1877 1816 2211 1886 versiones
2251 1818 2336 1887 la-

219 1918 347 1987 tinae
365 1919 759 2014 scriptorum
780 1942 1149 2013 graecorum
1178 1916 1392 1986 solent
1411 1971 1430 2004 ,
1448 1917 1648 1987 sedin
1671 1917 1956 1987 editione
1969 1922 2224 1991 Davisii
2249 1924 2333 1993 ad

219 2023 437 2093 calcem
474 2023 832 2094 voluminis
864 2022 1137 2118 rejecta¹
1170 2022 1426 2118 legitur.
1464 2021 1719 2093 Gallice
1745 2038 2092 2094 verterunt
2127 2018 2155 2116 (
2183 2053 2332 2123 par·

218 2141 331 2197 tem
354 2122 626 2219 saltem)
654 2129 777 2199 hos
814 2129 1014 2199 libros
1051 2132 1267 2225 Reges
1284 2132 1337 2197 F
1339 2130 1610 2216 ranciae,
1627 2132 1968 2199 Henricus
1986 2136 2107 2200 IV
2109 2188 2132 2220 ‚
2167 2148 2332 2205 teste

217 2234 290 2301 Is.
336 2236 728 2307 Casaubono
770 2237 954 2330 praef.
1004 2234 1089 2305 ad
1137 2233 1524 2329 Polybium,
1571 2249 1638 2303 et
1679 2236 2058 2307 Ludovoeus
2097 2244 2326 2331 XIV,

218 2341 381 2433 cujus
430 2344 632 2413 etiam
685 2344 855 2437 typis
909 2343 1237 2437 exscripta
1284 2355 1385 2409 est
1436 2342 1913 2435 interpretatio.
1973 2346 2079 2412 De
2124 2349 2330 2417 Asinii

214 2445 496 2518 Pollionis
542 2471 855 2536 censura,
897 2450 1013 2541 qui'
1056 2448 1339 2517 Caesaris
1380 2450 1894 2517 commentarios
1913 2503 1932 2535 ,
1973 2464 2049 2519 ut
2091 2476 2327 2545 parum

216 2550 565 2646 diligentes,
609 2579 822 2647 neque
864 2555 1122 2648 integra
1169 2554 1448 2621 veritate
1490 2555 1807 2647 scriptos,
1861 2556 2287 2648 reprehendit
2308 2613 2329 2648 ,

216 2670 356 2726 teste
381 2661 698 2731 Suetonio
729 2661 798 2727 in
828 2663 1087 2729 Caesare
1115 2684 1171 2727 c.
1203 2656 1302 2743 46
1324 2710 1343 2745 ,
1374 2656 1718 2727 adeundus
1747 2660 2129 2730 Morhosius
2157 2662 2326 2735 libro

216 2762 285 2831 de
315 2766 740 2837 Patavinitate
770 2757 1049 2835 Liviana
1071 2788 1126 2833 c.
1152 2767 1196 2848 4
1219 2817 1238 2850 ,
1258 2778 1326 2831 et
1355 2766 1393 2831 J
1396 2764 1585 2833 oach.
1611 2763 1993 2858 Christoph.
2025 2768 2324 2839 Nemeitz

210 2868 283 2937 de
316 2872 631 2942 modestia
680 2872 993 2941 historica
1038 2873 1108 2939 in
1162 2862 1455 2939 censuris
1498 2870 1874 2963 principum
1912 2871 2325 2944 observanda

214 2968 386 3061 §142
416 2978 667 3072 prodiit
696 2978 983 3047 Londini
1006 2979 1377 3045 Scanorum
1413 2998 1438 3043 1
1458 2998 1642 3070 709,
1671 2974 1734 3044 8.
1757 2978 2040 3045 Portum
2068 2983 2323 3051 Iccium

216 3082 495 3171 Caesaris,
532 3084 925 3155 Mardc'cum
955 3107 1095 3153 esse
1132 3082 1457 3176 persuasit
1494 3081 1616 3149 sibi
1657 3082 1758 3149 Jo.
1799 3083 1936 3151 Jac.
1978 3084 2322 3157 Chifletius

215 3183 407 3258 libello
458 3191 638 3259 edito
692 3189 1049 3283 Antwerp.-
1086 3184 1324 3274 1626,
1378 3184 1613 3282 1627,
1655 3190 1752 3275 43
1795 3189 1970 3257 Sam.
2017 3189 2320 3263 Clarkius

95 3318 97 3321 ’
217 3315 349 3362 cum
382 3296 605 3366 multis
636 3294 803 3383 aliis,
838 3296 1170 3378 Caletwn,
1198 3290 1374 3361 illive
1406 3294 1698 3361 vicinum
1731 3296 2155 3388 Swegatum3
2189 3299 2316 3367 Ca·

214 3398 371 3468 rolus
391 3402 484 3471 du
512 3406 773 3471 Fresne
804 3400 887 3469 ad
913 3404 951 3469 J
953 3397 1288 3469 oinvillam
1307 3451 1326 3486 ,
1359 3413 1426 3467 et
1456 3397 1978 3493 Schoepflinus²,
2006 3406 2317 3473 Wassaa-

214 3518 364 3590 tum,
393 3507 570 3601 quod
598 3508 795 3576 etiam
830 3508 1049 3575 Bertio
1070 3507 1360 3600 primum
1392 3502 1676 3598 placuit,
1697 3505 2052 3599 probatum
2085 3510 2320 3577 Camb-

213 3606 392 3699 deno,
436 3612 693 3683 Ortelio
710 3666 729 3701 ,
780 3614 1117 3683 Mussano.
1171 3612 1302 3680 Pro
1338 3615 1689 3697 Bononia,
1732 3612 1869 3679 sive
1907 3616 2328 3685 Bononiensi

212 3712 605 3791 Morinorum
641 3734 841 3814 portu
870 3722 1276 3789 Gessoriaco
1306 3730 1612 3810 pugnant
1636 3715 1804 3785 Phil.
1835 3715 2184 3788 Cluverius
2213 3724 2280 3789 ΙΙ
2297 3775 2317 3808 ,

288 3928 420 3981 1.Ita
433 3928 593 4000 hujus
605 3927 929 3982 Ed.v01.111
941 3924 1211 3981 concludit
1294 3924 1545 3978 historica
1574 3926 1946 3979 controversiis
1963 3944 2012 3979 c.
2048 3950 2092 3980 1.
2124 3932 2320 4003 Argen.

213 4018 317 4055 eum
344 4008 585 4078 plurimis
612 4008 752 4061 curis
771 4021 825 4061 et
847 4008 987 4060 notis
1010 4024 1211 4058 recusa.
1300 4016 1455 4057 torat.
1485 4026 1505 4054 ι
1519 4004 1623 4074 731
1642 4042 1657 4070 ,
1691 4011 1744 4067 4.
1761 4003 1904 4057 Vide
1923 4004 2163 4063 Iudicem
2182 4011 2318 4065 Geo-

284 4103 329 4143 2.
372 4088 435 4139 In
477 4088 772 4141 illustribus
816 4107 878 4141 ex
913 4086 1215 4141 Bvinnnica
1302 4083 1615 4157 graphicum
1643 4081 1710 4136 ad
1733 4082 1870 4137 hanc
1897 4102 2098 4140 vocem.

1913 4167 1998 4261 9²
