3017 5042
764 420 976 489 VEL
1028 384 1964 496 DISSERTATIONES.
2223 464 2226 469 -
2305 372 2401 521 {37

276 554 581 626 tellorum
619 551 863 629 relictae
892 554 1189 647 fuerant,
1224 566 1544 647 praeterea
1579 555 1684 623 III
1714 552 1880 645 mill..
1899 555 2101 647 equit.
2122 550 2265 627 t'de
2286 581 2408 625 nu—

272 688 459 733 mero
496 660 661 729 levis
691 675 1044 732 armaturae
1076 658 1239 727 nihil
1271 659 1431 729 dicit
1460 672 1714 733 auctor.
1753 664 1836 727 In
1873 660 2090 729 media
2121 650 2260 731 acie
2289 664 2417 733 col-

270 768 451 842 locat
480 781 770 861 quatuor
796 765 1125 861 legiones,
1156 764 1291 841 scil.
1322 768 1532 854 XIII,
1561 769 1731 838 XIV
1749 821 1768 855 ‚
1793 770 2028 839 XXVI
2049 774 2116 836 et
2137 771 2376 839 XXIX
2396 825 2416 858 ‚

273 890 429 943 ante
464 874 761 968 legiones
798 874 1159 970 Scipionis,
1184 874 1250 944 in
1286 872 1457 943 linea
1488 872 1852 967 legionibus
1888 873 2178 945 hostium
2211 876 2418 969 paral-

272 980 419 1051 lela.
450 984 613 1057 Haec
650 979 868 1049 media
900 982 1073 1055 acies
1107 979 1383 1074 simplex
1411 995 1588 1067 erat,
1627 982 1870 1073 quippe
1898 979 2065 1052 loco.
2089 983 2415 1077 perimpe-

273 1088 449 1172 dito,
476 1087 595 1173 ‘de‘
628 1112 762 1180 quo
806 1109 1042 1181 supra,
1087 1087 1171 1158 ab
1222 1088 1473 1181 impetu
1521 1087 1812 1158 hostium
1867 1089 2022 1157 satis
2067 1102 2208 1157 tuta
2255 1104 2415 1157 erat.

270 1198 351 1263 In
377 1195 618 1273 dextro
644 1218 855 1263 cornu
880 1194 1050 1287 legg.
1086 1196 1323 1279 XXX,
1362 1196 1703 1281 XXV1113
1729 1196 1839 1263 cui
1867 1219 2080 1264 cornu
2120 1218 2202 1263 ex
2231 1210 2421 1289 parte

272 1302 655 1370 cohortium
684 1299 1038 1369 secundam
1066 1302 1273 1370 aciem
1302 1300 1668 1393 adjecerat,
1692 1302 1782 1369 ita
1807 1315 1882 1369 ut
1911 1326 2116 1395 quum
2147 1301 2425 1396 simplex

272 1425 447 1477 esset
477 1408 697 1475 media
734 1407 919 1475 frons
942 1461 960 1492 ,
986 1405 1232 1501 duplex
1266 1406 1439 1475 fbret
1465 1407 1770 1475 dextrum
1795 1432 2023 1477 cornu.
2051 1410 2132 1475 In
2158 1411 2423 1479 sinistro

274 1538 491 1582 cornu
524 1512 692 1607 legg.
732 1516 868 1598 IX,
899 1515 1103 1601 VIII,
1140 1512 1319 1607 quod
1351 1516 1664 1606 quoniam
1687 1516 1747 1581 ei
1770 1516 2098 1609 equitatus
2129 1515 2423 1584 hostium

272 1620 685 1689 multitudini
747 1620 1185 1689 resistendum
1238 1634 1414 1705 erat,
1458 1620 1590 1689 hoc
1640 1621 1860 1714 ipsum
1916 1646 2127 1690 cornu
2181 1622 2424 1717 triplex

272 1727 502 1795 effecit
542 1752 555 1792 :
595 1750 749 1793 nam
792 1727 1053 1793 tertiam
1106 1728 1349 1813 aciem,
1400 1751 1546 1819 quae
1601 1751 1683 1793 ex
1730 1729 2012 1821 Vegetio
2055 1731 2424 1797 necessaria

272 1848 458 1920 erat,
503 1846 711 1901 totam
772 1834 843 1901 in
893 1834 1233 1901 sinistrum
1284 1857 1492 1901 cornu
1553 1831 1970 1917 contulerat,
2027 1836 2136 1901 cui
2187 1834 2428 1928 adjecit

238 1939 607 2034 -legionem
660 1942 723 2008 V
780 1938 1124 2032 levemque
1178 1953 1627 2027 armaturam,
1666 1963 1829 2032 -quae
1882 1942 2099 2033 reipsa
2160 1944 2422 2008 tertiam

272 2050 485 2116 aciem
533 2045 929 2114 formabant.
968 2045 1071 2113 Ad
1113 2046 1244 2114 hoc
1286 2047 1622 2113 sinistrum
1663 2070 1910 2130 cornu,
1941 2060 2004 2113 et
2040 2046 2302 2139 quidem
2337 2048 2424 2117 ad

271 2167 647 2221 extremum
689 2152 860 2219 latus
902 2153 1237 2220 sinistrum
1268 2204 1287 2237 ‚
1327 2176 1449 2247 per
1496 2177 1764 2220 omnem
1809 2155 2172 2247 equitatum
2212 2155 2422 2222 inter-

270 2261 480 2329 mixta
528 2283 793 2352 quoque
848 2258 1008 2326 levis
1059 2273 1396 2325 armatura
1440 2258 1584 2326 fuit.
1627 2262 2048 2352 Sagzlctmios
2072 2312 2094 2345 ,
2147 2275 2219 2327 ut
2263 2260 2422 2329 dicit

209 2426 213 2435 .
270 2380 542 2451 auctor,
564 2371 762 2434 varie
776 2371 1183 2461 passimque
1208 2367 1377 2433 locis
1404 2371 1606 2433 certis
1619 2418 1642 2451 ‚
1675 2372 1978 2435 maxime
2005 2373 2076 2434 in
2102 2367 2421 2436 comibus

268 2474 749 2542 collocaverat.

378 2581 488 2646 Ita
516 2580 751 2671 igitur,
768 2578 981 2647 media
1012 2577 1196 2645 frons
1222 2577 1548 2645 exercitus
1574 2576 1928 2645 Caesariani
1957 2576 2230 2671 simplex
2251 2594 2418 2648 etex

272 2700 565 2779 quatuor
585 2684 952 2779 legionibus
971 2683 1255 2751 formata
1273 2682 1740 2777 opponebatur
1756 2708 1996 2750 novem
2009 2682 2385 2777 'legionibus
2397 2736 2416 2770 ,

272 2817 420 2886 quae
451 2791 743 2860 hostium
785 2792 1071 2860 frontem
1102 2788 1445 2857 adversam
1481 2787 1824 2875 tenebant3
1857 2788 2162 2857 dextrum
2205 2815 2417 2859 cornu

275 2900 556 2969 Caesaris
586 2897 865 2991 duplex,
894 2896 1259 2991 elephantis
1292 2898 1495 2963 XXX
1529 2897 1642 2989 qui
1675 2897 2011 2963 sinistrum
2051 2920 2262 2965 cornu
2293 2897 2406 2965 ad-

271 3006 721 3073 versariorum
774 3003 1172 3087 fulciebant3
1216 3004 1550 3071 sinistrum
1597 3014 1818 3097 autem
1864 3002 2158 3094 ejusdem
2197 3028 2411 3072 cornu

274 3111 515 3205 triplex
533 3136 687 3179 cum
703 3112 996 3204 equitatu
1017 3125 1083 3177 et
1101 3109 1229 3177 levi
1242 3124 1580 3178 armatura
1593 3162 1612 3191 ‚
1627 3123 1770 3177 tum
1789 3106 2154 3203 elephantis
2173 3114 2408 3200 XXX,

272 3233 414 3288 tum
456 3219 777 3311 equitatui
814 3217 1107 3285 hostium
1150 3218 1567 3309 oppositum3
1599 3215 1862 3283 duobus
1891 3218 2286 3287 exercitibus
2313 3233 2410 3287 tu—

272 3323 460 3393 mulo
502 3338 571 3392 et
616 3324 763 3392 loco
807 3322 1125 3417 impedito
1170 3325 1525 3416 separatis,
1570 3347 1692 3391 nec
1739 3347 1874 3391 non
1914 3348 2048 3391 una
2087 3340 2276 3418 parte
2323 3326 2408 3393 ab

270 3431 438 3501 urbe
478 3432 679 3499 Uzita
724 3445 791 3498 et
828 3429 1059 3499 castris
1084 3428 1367 3497 defensis
1388 3484 1407 3517 ‚
1448 3428 1656 3497 altera
1691 3444 1880 3523 parte
1910 3430 2048 3499 fere
2087 3456 2295 3525 usque
2323 3430 2408 3499 ad

270 3536 470 3607 colles
506 3538 807 3605 extensis.

376 3647 469 3712 Et
496 3643 607 3711 hic
634 3657 733 3711 est
755 3695 774 3730 ‚
802 3643 868 3709 ni
896 3640 1124 3728 fallor,
1164 3667 1245 3711 ex
1276 3642 1477 3737 ipsius
1517 3641 1857 3734 scriptoris
1889 3656 2204 3711 contextu
2239 3644 2404 3737 peti-

274 3765 381 3819 tus
412 3749 583 3819 ordo
619 3751 945 3836 exercitus
976 3751 1356 3843 utriusque3
1384 3747 1788 3841 quiquidem
1823 3747 1989 3815 adeo
2017 3749 2182 3816 mihi
2214 3750 2404 3843 inge-

275 3883 448 3925 nuus
479 3858 661 3925 visus
687 3871 817 3943 est,
852 3870 927 3923 ut
955 3858 1085 3924 tiro
1123 3853 1397 3947 quilibet
1420 3879 1576 3922 eum
1610 3878 1692 3921 ex
1718 3868 1946 3921 nostra
1969 3853 2409 3949 descriptione

276 3964 467 4033 facile
499 3965 705 4057 possit
747 3964 815 4030 in
846 3962 1075 4031 charta
1105 3960 1451 4029 delineare.

380 4072 545 4155 Non
584 4068 983 4139 contendam
1019 4067 1101 4136 de
1138 4066 1378 4162 palude
1398 4120 1418 4153 ,
1460 4067 1648 4157 cujus
1684 4066 1934 4134 mentio
1973 4064 2051 4133 fit
2096 4067 2166 4135 in
2203 4069 2417 4162 capite

390 4197 515 4261 IV,
2003 4216 2040 4287 7
