3017 5042
632 438 845 507 VEL
898 436 1854 511 DISSERTATIONES.
2223 465 2313 536 91

760 578 1244 606 mm,

564 697 1692 845 SUPPLEMENTUM
1754 756 1927 845 ιν.

2049 584 2326 605 Qum

200 988 296 1055 De
308 984 762 1081 ,dzkposzftz‘one
781 998 857 1051 et
874 981 1114 1071 ordine
1134 986 1551 1051 exercituum
1581 984 1881 1053 Caesarzls
1899 998 1973 1051 et
1989 984 2328 1079 Scipionis

250 1108 407 1161 ante
454 1095 748 1169 Uzztam.
789 1092 861 1158 Β.
898 1086 1041 1157 Afr.
1090 1113 1148 1157 e.
1189 1112 1283 1157 Lx
1328 1102 1396 1157 et
1431 1112 1582 1177 Lm,
1616 1115 1682 1184 p.
1731 1085 1922 1177 485,
1963 1114 2136 1161 ΤοΜ.
2183 1108 2261 1159 11.

864 1311 1652 1347 ψ

208 1483 424 1607 ETSI
466 1526 649 1600 nulla
692 1526 1141 1599 memorabilis
1180 1552 1407 1624 pugna
1440 1529 1622 1625 apud
1654 1530 1921 1600 Uzitam
1962 1530 2137 1599 faeta
2171 1531 2324 1601 fue-

204 1641 310 1727 rit,
343 1638 460 1709 sed
497 1636 911 1707 velitationes
951 1649 1210 1706 tantum
1253 1638 1443 1730 parvi
1483 1638 1843 1725 momenti3
1891 1651 2115 1707 tamen
2159 1637 2326 1708 adeo

206 1747 345 1815 scite
368 1760 435 1815 et
462 1742 660 1815 docte
686 1744 859 1813 acies
882 1742 1195 1811 videntur
1224 1741 1423 1813 fuisse
1452 1743 1538 1811 ab
1567 1757 1852 1837 utroque
1874 1743 2044 1813 duce
2071 1744 2329 1813 ordina·

206 1867 313 1937 tae,
348 1866 425 1921 ut
462 1848 856 1919 excellentes
900 1847 1199 1918 militaris
1244 1851 1339 1919 rei
1371 1850 1614 1946 peritia
1645 1850 1820 1937 viri,
1863 1851 2320 1936 Guetcchardt,

206 1962 293 2027 Lo
320 1999 355 2012 -
384 1962 542 2029 leoz
569 2007 592 2044 ,
645 1959 903 2053 Turpia
946 1955 1035 2025 de
1079 1948 1303 2027 Crzlrse'
1318 2008 1341 2045 ,
1398 1954 1556 2025 belli
1606 1956 1806 2049 hujus
1854 1978 2077 2027 aream
2128 1970 2327 2050 atque

206 2090 429 2159 pugnae
464 2065 766 2134 ordinem
804 2062 949 2132 fuse
984 2076 1052 2131 et
1086 2060 1424 2157 eleganter
1455 2076 1613 2158 post
1649 2057 1940 2133 Hirtium
1977 2076 2327 2131 commen-

208 2174 311 2242 tati
346 2174 496 2241 sint.
538 2174 677 2239 Nos
720 2188 1027 2264 quoque,
1056 2171 1373 2263 quoniam
1404 2170 1880 2239 subobscurius
1916 2168 2217 2238 nonnihil
2259 2170 2328 2237 in

209 2280 571 2347 narratione
592 2277 936 2371 scriptoris
964 2278 1223 2345 romani
1250 2276 1768 2364 vidimus,hune
1797 2275 2018 2345 loeum
2035 2274 2330 2345 enuclea-

210 2385 371 2453 tione
420 2382 643 2478 aliqua
706 2382 982 2478 dignum
1028 2382 1509 2475 judicavimus3
1550 2396 1662 2470 ut,
1701 2383 1756 2451 si
1799 2405 1936 2453 non
1985 2396 2122 2451 tam
2165 2384 2329 2451 scite

209 2514 387 2583 quam
444 2489 537 2559 illi
579 2504 967 2584 praestantes
1008 2489 1313 2559 doctrina
1352 2503 1420 2558 et
1456 2487 1709 2583 judicio
1751 2489 1912 2575 viri,
1967 2488 2199 2557 saltem
2243 2487 2330 2557 ad

210 2598 483 2667 auctoris
526 2598 1139 2691 interpretationem
1184 2610 1255 2665 et
1300 2593 1802 2689 intelligentiam
1826 2594 2109 2683 ,lectori
2155 2594 2329 2663 forte

208 2726 329 2773 non
369 2706 591 2773 minus
633 2702 885 2773 utiliter
924 2722 1199 2797 operam
1232 2702 1409 2771 hane
1448 2701 1937 2795 perficeremus.

298 2811 429 2881 Sed
468 2824 825 2904 antequam
854 2808 939 2879 ad
978 2807 1282 2878 ordinem
1319 2824 1562 2902 pugnae
1595 2808 1940 2877 veniamus
1959 2860 1978 2895 ,
2009 2804 2210 2901 paulo
2235 2804 2329 2873 al-

211 2918 329 2986 tius
359 2944 465 2987 res
488 2916 851 3012 repetenda
876 2930 1011 3003 est,
1030 2929 1229 3011 atque
1259 2914 1343 2985 de
1378 2905 1797 3009 camp05'ubi
1827 2928 1934 2983 res
1963 2927 2162 3009 gestae
2196 2911 2332 2983 fue-

210 3038 381 3113 runt,
411 3048 628 3119 panea
654 3022 1131 3118 proemittenda.
1162 3025 1253 3091 Et
1276 3022 1570 3116 primum
1601 3020 2087 3093 animadvertat
2119 3016 2328 3091 leotor

208 3142 409 3200 totum
429 3132 562 3201 hoe
594 3129 842 3201 bellum
878 3128 1267 3199 Africanum
1301 3130 1477 3199 intra
1508 3129 1796 3223 spatium
1826 3130 2117 3223 quinque
2153 3149 2332 3199 men-

211 3237 367 3307 sium
406 3238 787 3308 confectum
830 3258 1014 3323 esse,-
1055 3234 1308 3307 seilicet
1340 3261 1381 3303 a
1419 3239 1522 3306 VI
1558 3234 1706 3305 Kal.
1753 3239 1900 3305 Jana
1947 3230 2051 3326 (e.
2107 3230 2196 3326 2)
2242 3236 2330 3307 ad

209 3342 356 3413 Idus
394 3348 545 3413 Iun.
577 3335 684 3433 (e.
716 3336 908 3439 98),
947 3367 1065 3413 seu
1106 3367 1188 3413 ex.
1233 3342 1698 3413 emendatione
1737 3342 2112 3415 Calendarii
2149 3367 2189 3413 a
2224 3343 2332 3413 die

214 3444 293 3519 31
347 3454 498 3519 Oct
532 3453 617 3520 U.
658 3454 734 3521 C.
786 3466 974 3547 707,
1008 3449 1093 3521 ad
1144 3452 1237 3535 14
1279 3450 1438 3544 Apr-
1492 3451 1664 3545 708..
1697 3453 1924 3527 Loeus
1953 3465 2216 3538 autem,
2257 3452 2330 3519 in

212 3580 339 3648 quo
370 3560 539 3627 acies
563 3553 665 3628 bis
702 3558 952 3653 ingenti
992 3554 1218 3651 praelio
1270 3570 1339 3625 et
1380 3556 1608 3627 multis
1643 3556 2136 3633 velitationibus
2177 3581 2330 3629 con*

212 3663 577 3750 tenderunt,
617 3678 937 3758 angustus
971 3652 1333 3733 admodum
1366 3677 1504 3752 θεῖς
1547 3664 1790 3759 (puppe
1829 3666 2085 3752 Caefsar‚
2119 3678 2330 3757 quum,

212 3784 355 3839 ante
390 3771 831 3841 Adrumetina
876 3772 1101 3865 copies
1137 3794 1293 3839 suas
1326 3772 1776 3865 exposuisset,
1807 3797 1944 3841 non
1985 3770 2330 3865 Thapsum

212 3888 701 3974 praetergressus
740 3892 875 3966 est,
914 3879 1041 3947 nisi
1082 3875 1335 3945 levibus
1376 3876 1628 3973 aliquot
1669 3878 2056 3949 excursibus
2099 3878 2168 3951 in
2216 3876 2331 3945 ιιι-ι

214 3984 471 4055 ter-iores
494 4000 705 4062 terras
728 3998 795 4053 et
817 3984 1099 4055 insulam
1116 3984 1465 4062 Cereinam
1484 3984 1572 4053 ad
1591 3984 1923 4055 frumenta
1937 3982 2326 4079 colligenda.

212 4088 359 4161 Haee
385 4107 603 4161 autem
628 4116 785 4188 pars
808 4090 1359 4185 septemtrionalis
1382 4117 1525 4163 01⁵·ae
1538 4080 1898 4181 Afric-anae,
1922 4093 2076 4181 sita,
2098 4107 2174 4161 ut
2201 4113 2332 4163 nos·
