3017 5042
590 461 738 552 298
969 413 976 420 ’
1205 421 1210 428 ’
1479 458 1829 525 INDEX

587 594 654 662 le
682 583 921 662 stcclze'
955 592 1042 660 de
1071 598 1222 660 Bar
1233 644 1254 676 ‚
1302 615 1434 659 une
1475 586 1854 685 tres-petite
1879 594 2115 684 partie
2150 589 2241 657 de
2270 590 2347 657 la
2386 591 2749 687 Champa-

583 723 722 793 gne
755 715 828 767 et
861 698 948 767 de
985 701 1062 767 la
1101 702 1436 768 Lorraine
1476 689 1899 793 (de'partem.
1936 696 2025 764 de
2057 697 2133 764 la
2166 700 2411 766 Meu-xe
2437 713 2511 766 et
2541 697 2637 767 de
2672 702 2755 768 la

587 800 951 891 Meurtke).
977 807 1080 874 Ex
1111 805 1372 875 duobus
1397 828 1634 874 eorum
1662 803 1923 898 oppidis
1952 826 1992 871 a
2008 801 2285 871 Ptolem.
2317 807 2751 895 memoratis,

597 914 862 982 Tullum
884 907 1160 998 (Toul)
1177 912 1490 982 omnibus
1515 926 1753 981 notum
1780 924 1915 998 est,
1942 924 2013 979 et
2034 909 2235 1004 hujus
2262 910 2427 980 situs
2460 913 2753 982 minime

587 1020 880 1089 incertus
903 1035 1036 1109 est,
1019 1047 1034 1062 ·
1057 1018 1340 1089 alterum
1369 1032 1595 1088 autem
1620 1021 1922 1088 Nasium
1942 1040 2182 1111 parum
2202 1016 2331 1085 fuit
2356 1019 2753 1111 cognitum,

587 1141 654 1194 et
701 1126 880 1196 docti
930 1126 1014 1196 de
1081 1128 1211 1196 situ
1267 1126 1712 1220 ambigebant.
1761 1124 2083 1194 Simlerus
2128 1136 2196 1192 et
2252 1122 2363 1192 alii
2418 1125 2753 1219 permulti

585 1233 862 1302 Nasium
911 1247 1234 1328 putarunt
1273 1257 1416 1303 esse
1457 1235 1752 1326 Nam-y,
1798 1257 1965 1325 quos
2015 1231 2391 1300 Hadrianus
2426 1229 2755 1306 Valesius

554 1333 558 1341 ’
585 1341 970 1434 impugnat,
989 1342 1269 1409 Nasium
1304 1338 1534 1409 locans
1566 1339 1655 1408 ad
1682 1341 1957 1407 Ornam.
1980 1337 2257 1408 fluvium
2278 1327 2370 1422 (Z'
2378 1335 2747 1427 Onnain),

587 1446 762 1514 inter
788 1445 1210 1516 Andela'num
1231 1441 1605 1532 (Andelot)
1640 1460 1707 1514 et
1738 1444 2007 1514 Tullum
2047 1441 2345 1512 Mosellae
2362 1444 2751 1515 adscitum:

587 1551 696 1620 alii
735 1555 1018 1622 Nasium
1045 1577 1187 1622 esse
1221 1552 1444 1625 locum
1485 1555 1757 1622 nomine
1792 1555 1983 1622 Nasi
1994 1543 2021 1640 (
2038 1551 2231 1620 nobis
2270 1545 2755 1646 incognitum)

587 1674 918 1748 asserunt,
955 1685 1101 1729 non.
1128 1658 1365 1755 procul
1396 1685 1436 1728 a
1473 1659 1713 1749 Tullo;
1749 1658 1858 1727 alii
1893 1660 2117 1728 vicum
2154 1660 2315 1728 Nus
2350 1659 2754 1752 proximum

584 1767 901 1837 Nanceio.
926 1768 1015 1835 At
1038 1767 1260 1853 hodie,
1272 1767 1412 1861 jam
1437 1766 1661 1836 multis
1687 1766 1931 1836 abhinc
1957 1766 2149 1834 annis
2176 1765 2577 1860 suspiciam,
2602 1781 2755 1834 tan-

584 1870 738 1941 dem
765 1887 1070 1968 repertus
1101 1888 1204 1943 est
1239 1899 1437 1943 verus
1471 1875 1657 1967 urbis
1677 1875 1858 1942 Nasii
1894 1874 2073 1941 situs.
2115 1873 2395 1942 Nasium
2410 1925 2432 1958 ‚
2467 1885 2551 1940 ut
2578 1898 2753 1966 pro·-

585 1975 749 2048 bant
792 1982 1195 2050 recentiores
1237 1983 1305 2048 in
1348 1980 1497 2052 loco'
1520 2034 1539 2065 ‚
1574 1982 1692 2049 ubi
1734 1979 2240 2074 suspicabantur
2272 1979 2447 2048 hanc
2490 1979 2753 2050 urbem

585 2087 942 2174 exstitisse,
985 2089 1444 2156 excavationes
1473 2112 1625 2158 ann.
1672 2111 1693 2154 1
1714 2087 1757 2156 8
1777 2085 1904 2170 18,
1930 2087 2121 2178 jussu
2149 2086 2627 2180 praestantium·
2662 2089 2755 2157 vi·

584 2217 813 2261 rorum
830 2246 851 2281 ‚
881 2198 998 2287 qui
1029 2193 1579 2262 administrat-unt
1607 2194 2029 2287 provinciam·
2052 2192 2299 2263 dictam
2329 2183 2613 2288 de'part.
2662 2194 2755 2264 de

584 2301 659 2367 la
682 2303 959 2386 Mense,
991 2299 1184 2368 factoe
1212 2300 1300 2367 ab
1327 2300 1785 2371 eruditissimo·
1807 2303 1877 2371 C.
1907 2303 2024 2368 Fr.
2055 2302 2311 2386 Bam,
2336 2323 2374 2368 e
2397 2299 2605 2394 regiae
2638 2327 2749 2370 so-

584 2407 837 2474 cietatis
867 2406 1252 2500 antiquar-iis
1283 2431 1448 2492 unc,
1480 2408 1682 2476 situm
1703 2421 1835 2493 est,
1869 2407 2041 2475 sicut
2058 2405 2279 2479 Vales.
2314 2405 2483 2480 olim
2506 2409 2749 2502 conjen

586 2513 676 2579 cit
687 2537 927 2608 ,supra
956 2513 1244 2600 Ornam,
1273 2513 1404 2582 hoc
1425 2514 1660 2601 mod03
1689 2528 1821 2582 tres
1848 2507 2049 2582 urbes
2068 2514 2229 2582 satis
2251 2526 2427 2582 notae
2438 2516 2745 2608 ,Lc'gny,

587 2619 1068 2690 Gondrecourt
1095 2635 1170 2688 et
1195 2623 1592 2714 Commercy
1621 2617 1666 2707 (
1674 2612 1917 2688 Duche'
1942 2619 2031 2688 de
2066 2625 2219 2690 Bar
2239 2644 2328 2688 en
2352 2621 2745 2702 Lot-rame,

581 2709 734 2821 de'p
772 2726 860 2796 de
893 2729 966 2796 la
995 2722 1285 2812 Mense)
1300 2781 1322 2813 ,
1357 2726 1766 2821 triangulum
1802 2725 2141 2818 efficiunt,
2166 2727 2238 2795 in
2265 2741 2501 2794 centro
2544 2728 2750 2821 cujus

581 2846 795 2904 exstat
828 2835 1015 2903 vicus
1051 2835 1320 2902 nomine
1355 2837 1562 2905 Nazzv
1596 2830 1639 2920 (
1644 2836 1945 2908 Nasuam
1946 2827 1992 2918 )
2026 2857 2063 2902 e
2093 2857 2229 2927 quo
2264 2857 2569 2928 egressus
2616 2833 2749 2904 aki-

581 2939 729 3032 quis
767 2941 1052 3034 reperiet
1081 2965 1395 3034 campum
1426 2941 1585 3010 hinc
1614 2953 1682 3009 et
1708 2940 1865 3008 inde
1898 2953 2241 3034 patentem
2273 2941 2346 3006 in
2372 2937 2747 3034 longitudi-

581 3069 668 3112 ne
699 3069 726 3115 1
745 3043 896 3118 300
927 3047 1191 3134 metris,
1219 3048 1289 3114 in
1317 3046 1667 3116 latitudine
1696 3071 1849 3142 700
1872 3061 2031 3116 met.
2063 3045 2169 3114 Ibi
2200 3044 2539 3141 parallelis
2570 3047 2747 3116 duae

579 3149 706 3220 bus
748 3153 837 3220 ab
871 3153 1132 3224 erudito
1173 3155 1546 3248 antiquario
1588 3153 1807 3223 ductis
1824 3207 1843 3240 ,
1878 3167 2145 3247 reperta
2188 3167 2343 3224 sunt
2378 3153 2747 3225 innumera

580 3258 766 3326 urbis
801 3259 986 3328 Nasii
1025 3261 1302 3354 vestigia
1320 3314 1340 3349 ‚
1391 3260 1639 3330 scilicet
1684 3260 2021 3346 Thermae,
2063 3260 2239 3331 muri
2282 3259 2637 3353 magnifici
2678 3276 2748 3330 et

579 3366 830 3433 eximiae
859 3365 1200 3437 soliditatis
1213 3421 1231 3454 ‚
1251 3368 1632 3466 pavimenta
1660 3382 1805 3436 tum
1848 3390 2259 3453 marmorea,
2297 3381 2440 3434 tum
2476 3367 2745 3436 vermi-

584 3470 838 3559 culata,
883 3495 1040 3542 area
1083 3472 1282 3567 longa
1321 3489 1388 3542 et
1422 3472 1559 3541 lata
1596 3471 1695 3544 38
1722 3474 1987 3559 metriS‚
2028 3471 2267 3540 domus
2294 3472 2433 3540 fore
2466 3473 2777 3567 integra

581 3601 735 3646 cum
775 3581 964 3647 tectis
998 3583 1131 3649 suis
1167 3604 1453 3674 quarum
1495 3580 1729 3650 decem
1770 3577 2113 3650 conclavia
2150 3578 2337 3650 fuere
2378 3578 2745 3650 ruderibus

582 3685 919 3779 expedita,
959 3685 1286 3756 columnae
1331 3701 1684 3776 truncatae,
1720 3686 2054 3782 sepulcra,
2092 3685 2498 3781 templorum
2540 3689 2745 3756 vesti-

581 3793 688 3884 gia
703 3846 723 3876 ‚
771 3792 1250 3882 taurobolium,
1293 3817 1479 3882 vasa,
1518 3793 1781 3880 annuli,
1815 3791 2160 3888 suppellex
2206 3794 2421 3862 omnis
2468 3796 2741 3886 generis

583 3912 728 3965 tum
794 3924 962 3970 aerea
984 3953 1004 3986 ,
1047 3916 1190 3972 tum
1252 3916 1506 3990 terrea,
1550 3902 1948 3972 numismata
1966 3954 1986 3988 ‚
2031 3914 2099 3968 et
2139 3899 2265 3968 alia
2287 3953 2307 3987 ‚
2353 3923 2499 3992 quae
2541 3900 2740 3970 urbis

579 4008 997 4098 praesentiam
1019 4060 1037 4095 ‚
1080 4034 1215 4078 non
1260 4007 1410 4076 dico
1443 4007 1785 4104 ignobilis,
1816 4007 1932 4076 sed
1964 4006 2231 4101 amplae,
2260 4004 2593 4100 opulentae
2634 4021 2739 4075 at-

579 4135 712 4204 que
735 4114 932 4182 etiam
970 4115 1338 4209 magnificae
1367 4130 1677 4210 arguunt.
1708 4112 1891 4186 Nihil
1924 4116 2126 4208 igitur
2158 4113 2372 4202 dubii,
2398 4113 2557 4206 quin
2594 4112 2737 4182 hoc
