3017 5042
804 423 1674 496 GEOGRAPHICUS.
2156 435 2310 523 243

216 551 591 650 gumaequali
620 552 967 624 intervallo
990 556 1177 648 juxta
1204 557 1324 625 has
1360 558 1664 653 regiones
1696 560 1782 627 ab
1818 585 2060 632 occasu
2083 591 2314 640 versus

214 675 401 730 ortum
425 675 743 755 porrecta.
764 660 1055 730 Alluitur
1072 686 1113 728 a
1138 677 1476 756 septemtr.
1499 668 1668 734 mari
1685 663 1910 761 AEgaeo
1939 685 2136 765 atque
2161 678 2318 744 Cre-

214 768 359 856 tieo;
388 790 425 834 a
452 767 724 836 meridie.
762 767 1051 862 Libyen,
1078 769 1259 888 quod
1293 772 1680 865 contiguum
1709 788 1808 843 est
1835 777 2160 871 AEg-yptio.
2206 784 2314 850 De

214 873 687 944 extremitatibus
726 874 1005 944 occidua
1051 889 1153 943 est
1193 877 1373 946 cirea
1408 877 1772 967 Phalarna,
1815 880 1946 950 lata
1987 907 2070 954 cc
2115 885 2314 975 stad.,

214 981 501 1073 scissaque
530 980 601 1082 in
630 980 765 1050 duo
790 983 1286 1074 promontoria,
1307 982 1391 1053 de
1422 985 1664 1077 quibus
1699 988 2124 1059 meridionale
2158 983 2316 1063 Ονιῖι

212 1101 489 1180 metopon
508 1074 589 1177 (i.
602 1112 657 1155 e.
688 1089 908 1156 arietis
940 1079 1153 1176 frons)
1168 1104 1449 1159 vocatur
1464 1094 2050 1186 ,septemtrionale
2087 1101 2315 1169 Cima-

208 1215 315 1260 ιω.
343 1192 689 1262 Orientalis
730 1208 955 1263 autem
998 1209 1102 1263 est
1140 1197 1532 1266 Samonium
1575 1204 2138 1291 promontorium,
2177 1208 2312 1274 Su-

208 1298 361 1368 nium
408 1325 540 1370 non
578 1299 814 1394 procul
862 1301 1187 1372 excedens
1229 1325 1461 1372 versus
1498 1317 1743 1374 ortum.
1782 1309 2314 1402 Magnitudinem

208 1404 401 1476 insulae
442 1409 803 1477 Sosim-ates
822 1460 841 1495 ,
875 1431 1077 1502 quem
1120 1430 1227 1476 res
1256 1408 1459 1502 hujus
1492 1409 1722 1480 insulae
1753 1417 2073 1507 exquisite
2101 1418 2316 1487 tradi-

199 1509 349 1581 ‘disse
372 1514 459 1583 ait
486 1513 962 1610 Apollodorus,
986 1515 1057 1582 in
1087 1513 1569 1608 longitudinem
1600 1517 1832 1587 definit
1861 1521 2024 1591 stad.
2061 1547 2314 1596 mucce

208 1629 261 1686 et
286 1620 584 1715 ampliuS,
626 1635 756 1690 etc.
778 1673 825 1689 ..
845 1673 859 1688 .
906 1651 941 1686 υ
1001 1621 1221 1690 Urbes
1259 1623 1331 1690 in
1366 1626 1570 1693 Creta
1597 1626 1900 1694 maximae
1942 1643 2009 1696 et
2046 1629 2313 1701 nobilis-

209 1725 355 1794 simae
378 1742 526 1797 sunt
553 1731 887 1815 Gnossus»,
918 1730 1223 1822 Gortyna
1246 1743 1316 1797 et
1342 1729 1661 1822 Cydonia.
1694 1733 1994 1802 Gnossus
2029 1735 2115 1803 ad
2144 1751 2310 1829 sept.

208 1855 318 1918 non
351 1832 539 1929 longe
598 1859 641 1902 a
688 1835 888 1904 maris
924 1833 1143 1903 littore
1162 1887 1183 1923 ,
1228 1837 1479 1904 Minois
1523 1837 1708 1931 regia
1747 1837 1934 1908 sedes
1975 1840 2120 1910 fuit.
2168 1846 2312 1912 Ho-

208 1961 427 2029 meruS,
470 1944 693 2012 ODYS.
730 1965 795 2010 1..
834 1965 897 2008 V.
956 1941 1141 2036 178·
2111 1969 2115 1973 ·

690 2153 704 2168 .
764 2153 779 2167 .
1275 2081 1514 2168 ,ἤνθα
1557 2127 1626 2170 τε
1636 2103 1864 2186 Μίνως

480 2193 789 2300 Εννέωρος
830 2205 1107 2292 βασίλευε
1124 2152 1289 2285 ‘Ambe
1310 2206 1577 2300 μεγάλου
1611 2213 1884 2302 ὀαριςῆς.

208 2362 388 2456 Hujus
403 2364 581 2434 nulla
604 2363 801 2432 hodie
823 2377 1083 2432 exstant
1094 2365 1386 2460 vestigia.
1404 2364 1610 2434 Urbis
1627 2368 1804 2436 enim
1823 2370 2084 2439 Candie
2097 2369 2312 2464 diotae,

130 2469 136 2482 '
206 2493 325 2562 quae
355 2497 527 2542 nunc
558 2471 943 2566 primariam
980 2470 1205 2547 sedem
1232 2485 1549 2564 occupat,
1576 2474 1735 2541 situs
1767 2473 1967 2567 paulo
1995 2481 2312 2548 remotior

205 2590 288 2644 est
303 2603 517 2648 versus
548 2590 889 2672 septemtr.
916 2579 1235 2670 Gortynae
1262 2573 1572 2645 visuntur
1603 2578 1822 2647 adhuc
1843 2581 2118 2668 rudera,
2137 2603 2308 2675 prae-

205 2685 397 2753 sertim
425 2686 875 2756 subterraneae
900 2683 1121 2770 fossae,
1138 2683 1255 2750 ubi
1272 2683 1423 2776 jure
1449 2685 1664 2752 critici
1688 2699 1988 2754 vete-rum
2012 2686 2309 2781 labyrin-

204 2787 367 2860 thum
388 2792 707 2862 exstitisse
734 2804 1098 2860 autumant.
1125 2788 1441 2884 Cydoniae
1468 2813 1606 2860 non
1626 2806 1948 2885 apparent
1970 2794 2040 2859 in
2066 2797 2310 2863 nostris

203 2900 590 2994 geographis
608 2902 823 2969 Cretae
844 2911 1105 2968 montes
1121 2910 1277 2965 sunt
1296 2897 1493 2965 Dicte
1513 2950 1532 2985 ,
1551 2911 1620 2964 et
1639 2897 1760 2966 Ida
1778 2898 1932 2967 satis
1952 2901 2114 2970 noti.
2137 2901 2312 2968 Cre-

204 3013 390 3074 tenses
428 3021 653 3075 autem
688 3005 1004 3099 sagittarii
1030 3016 1413 3098 praestantes
1430 3057 1451 3090 ,
1492 3017 1648 3096 post
1681 3003 1893 3073 multa
1919 3004 2157 3076 saecula
2188 3033 2312 3101 per

203 3131 327 3201 quae
366 3114 615 3183 Minois
645 3110 897 3206 legibus
938 3111 1520 3204 obtemperarunt,
1541 3111 1611 3176 in
1637 3109 1923 3180 deterius
1961 3111 2210 3207 delapsi
2241 3139 2308 3183 se

205 3209 519 3288 latrocinio
572 3218 917 3287 dederunt.
979 3218 1204 3285 Primo
1248 3239 1288 3283 a
1331 3215 1648 3285 Cilicibus
1701 3218 2044 3311 piraticam
2111 3219 2306 3288 simul

202 3340 554 3396 exercentes
578 3325 906 3420 oppressi,
932 3322 1122 3414 brevi
1149 3346 1304 3389 cum
1327 3323 1405 3391 iis
1430 3325 1809 3392 societatem
1835 3325 2140 3397 inierunt.
2169 3328 2306 3394 Ro-

202 3433 358 3500 mani
382 3447 606 3501 autem
636 3432 983 3500 universos
1012 3427 1401 3498 deleverunt
1432 3428 1639 3516 bello,
1671 3431 1880 3523 captis
1910 3437 2064 3500 'cum
2105 3434 2306 3501 Creta

200 3535 375 3606 etiam
420 3537 705 3607 Cilicum
762 3535 1044 3606 castellis
1072 3533 1420 3628 ⁴piraticis3
1464 3549 1534 3604 et
1571 3538 1770 3604 Creta
1805 3539 2147 3629 provincia
2195 3562 2308 3605 ro·-

110 3723 112 3726 Α
201 3663 377 3712 mana
408 3645 588 3714 facta
617 3659 716 3714 est
758 3641 951 3712 simul
979 3667 1136 3710 cum
1166 3645 1548 3734 Cyrenaica.
1585 3644 1882 3710 Gnossus
1903 3645 2099 3712 etiam
2130 3641 2310 3742 colo·

200 3748 477 3819 nia.Vid.
507 3752 591 3821 de
624 3753 825 3820 Creta
860 3749 1289 3834 Strabonem,
1318 3747 1357 3815 l.
1390 3771 1472 3834 x,
1500 3772 1564 3842 p.
1598 3745 1748 3842 473
1789 3761 1856 3816 et
1891 3773 2066 3842 seqq.
2094 3748 2309 3818 Hodie

198 3849 325 3924 haec
352 3858 569 3928 insula
606 3881 647 3926 a
688 3858 952 3944 TurciS‚
998 3855 1121 3924 sub
1162 3877 1447 3948 quorum
1492 3854 1835 3922 dominatu
1878 3855 2167 3942 transiit,
2207 3855 2307 3923 di-

200 3961 355 4030 citur
404 3979 716 4060 corrupte
754 3967 981 4049 Ierz'ti,
1040 3974 1108 4030 et
1162 3985 1203 4029 a
1261 3961 1534 4030 Venetis
1587 3960 1856 4028 abusive
1901 3975 2142 4030 vocata
2187 3960 2311 4031 fuit

204 4068 451 4140 Candoe
488 4095 572 4140 ex
613 4073 881 4140 nomine
922 4069 1119 4140 urbis·
1144 4068 1485 4162 primariae.

1811 4145 1944 4268 i6²
