3017 5042
676 445 889 514 VEL
943 444 1903 518 DISSERTATIONES.
2254 451 2355 525 65

255 583 416 650 Picta
455 592 598 648 erat
619 577 864 648 tutela.
911 577 1107 646 Ovid.
1143 580 1200 648 F
1201 591 1319 648 ast.
1350 573 1394 647 l.
1427 579 1573 648 IV:

557 766 975 783 ...........
1013 724 1174 782 Picta
1211 723 1516 784 coloribus
1544 725 1691 783 ustis

547 821 853 880 Caelestem
880 831 1128 878 matrem
1157 839 1411 878 concava
1443 821 1664 900 puppis
1690 819 1883 881 habet.

255 973 371 1042 Sed
404 985 473 1042 et
505 969 772 1066 sculpta
814 994 1078 1064 quoque
1122 995 1138 1037 ε
1179 985 1340 1040 tunc
1393 970 1589 1040 altius
1632 972 2120 1063 collocabatur,
2172 1001 2374 1072 supra

255 1081 652 1180 superiorem
691 1077 1015 1171 spondam
1034 1129 1053 1164 ,
1089 1076 1196 1144 vel
1220 1078 1640 1170 peritonium.
1672 1078 1772 1148 Id.
1793 1081 2020 1175 Eurip.
2050 1107 2231 1177 supr.
2260 1087 2371 1156 cit.

555 1245 726 1310 Κατ’
763 1240 952 1337 ἄκραν
990 1233 1272 1336 Νηρῇδες
1311 1243 1574 1311 ἕστασαν
1613 1243 1758 1312 θεαί.Ι

227 1414 421 1488 ,Sicut
475 1425 704 1498 autem
750 1409 992 1504 pagani
1038 1397 1173 1478 suis
1223 1408 1348 1478 diis
1367 1463 1388 1497 ‚
1434 1412 1527 1478 ita
1574 1411 1917 1482 christiani
1980 1417 2382 1511 martyribus

251 1543 322 1588 ac
354 1518 523 1587 divis
561 1513 838 1585 tutelam
867 1517 1139 1584 navium
1175 1517 1669 1585 commiserunt.
1705 1520 1987 1615 Procop.
2017 1523 2087 1592 in
2105 1526 2293 1594 Esai.
2322 1552 2380 1596 c.

261 1647 340 1694 12
376 1648 391 1690 τ
422 1632 562 1702 ταῖς
587 1621 706 1717 γὰρ
741 1625 1039 1715 πρύμναις
1078 1621 1140 1688 αἱ
1167 1621 1314 1690 θεῶν
1353 1621 1574 1702 εἰκόνες
1620 1626 1942 1718 ἐνέγραφον
1965 1678 1984 1712 ,
2022 1636 2102 1708 ὡς
2143 1631 2245 1698 καὶ
2280 1644 2381 1700 νῦν

253 1729 425 1826 ἆγίων
461 1730 831 1823 Μαρτύρων.
866 1726 1056 1798 Idem
1086 1751 1356 1821 quoque
1393 1753 1539 1798 mos
1565 1729 1745 1822 apud
1771 1756 1895 1799 nos
1931 1734 2133 1827 viget.
2163 1739 2385 1807 Caete-

255 1861 392 1904 rum
420 1859 608 1904 sacer
633 1848 780 1902 erat
802 1834 924 1903 iste
964 1831 1152 1902 locus
1179 1847 1246 1902 et
1277 1836 1521 1929 puppis
1552 1835 1715 1929 ipsa.
1756 1835 1997 1928 Asylus
2036 1855 2387 1933 praeterea,

258 1943 439 2011 etuti
475 1941 736 2027 dicam,
768 1963 917 2027 ara,
945 1963 1144 2033 quam
1185 1938 1321 2010 ullo
1357 1939 1563 2010 modo
1602 1955 1927 2010 temerare
1956 1945 2141 2013 nefas
2176 1964 2382 2018 esset:

261 2072 402 2116 nam
431 2048 642 2142 puppi
666 2070 866 2140 super
895 2045 1142 2117 foedera
1166 2046 1653 2140 jungebantur,
1680 2061 1747 2116 et
1778 2072 1962 2117 sacra
1996 2049 2265 2120 fiebant.
2303 2056 2389 2123 In

263 2156 458 2248 puppi
473 2177 772 2248 quoque,
803 2153 1236 2222 eminentiore
1261 2155 1506 2247 quippe
1539 2152 1718 2241 loco,
1740 2158 2106 2247 praesertim
2132 2159 2201 2226 in
2232 2185 2392 2253 prae-

266 2261 434 2328 toriis
454 2259 770 2346 navibuS‚
796 2258 973 2331 unde
995 2258 1130 2327 dux
1151 2256 1342 2328 classi
1373 2260 1775 2352 imperabat,
1794 2263 2109 2355 surgebat
2133 2263 2383 2355 diaeta,

268 2390 372 2436 seu
391 2363 898 2435 tabernaculum
920 2365 988 2432 in
1010 2389 1204 2434 arcus
1228 2366 1515 2434 formam
1538 2365 1834 2435 effictum
1850 2421 1870 2449 ‚
1889 2366 2006 2435 ubi
2028 2370 2392 2463 imperator

267 2471 557 2559 sedebat,
595 2472 857 2566 signum
902 2495 1142 2565 pugnae
1170 2470 1480 2559 daturus,
1512 2470 1617 2539 vel
1656 2475 2112 2542 exercitationi
2151 2501 2393 2569 praeses

269 2577 536 2648 futurus,
556 2580 935 2663 Postrem0‚
960 2579 1202 2671 puppis
1225 2579 1568 2646 summitas
1598 2592 1742 2646 erat
1770 2574 2120 2668 ἄφλαστον,
2140 2585 2393 2654 Latinis

269 2687 601 2780 aplustre,
639 2707 786 2776 quae
827 2706 980 2776 pars
1024 2707 1240 2777 prorae
1270 2706 1535 2775 quoque
1570 2684 1916 2766 conve-nit3
1944 2687 2197 2752 namin
2234 2690 2397 2758 mul-

267 2793 344 2860 tis
385 2790 836 2860 monumentis
887 2812 1035 2857 eam
1080 2789 1148 2855 in
1192 2809 1396 2881 prora
1429 2811 1695 2881 quoque
1746 2791 2129 2882 conspicere
2180 2790 2333 2862 licet
2374 2821 2392 2862 ε

265 2897 690 2972 nihilominus
731 2896 942 2989 puppi
977 2891 1397 2988 peculiariter
1439 2892 1767 2962 addicitur
1808 2919 1822 2960 :
1870 2891 2160 2985 ἅφλαστα
2189 2900 2393 2992 igitur

261 3027 400 3098 quae
417 3005 487 3072 in
513 3002 726 3096 puppi
751 3002 1056 3086 erant‚in
1081 2994 1452 3094 pennarum
1482 2998 1767 3068 formam
1788 2998 2059 3068 fiebant.
2087 3005 2393 3084 Eustath.

264 3107 610 3200 ἄφλαστον,
647 3109 723 3174 τὸ
759 3106 862 3174 ἐπὶ
888 3108 1163 3198 πρύμνης
1200 3107 1652 3198 ἀνατεταμένον
1690 3105 1771 3184 εἰς
1808 3103 1961 3197 ὕψος
1998 3110 2067 3174 ἐκ
2098 3112 2389 3180 κανονίων

266 3217 546 3284 πλατέων
571 3214 1084 3305 ἐπικεκαμμένων.
1102 3209 1336 3280 Malim
1364 3213 1675 3280 tamenin
1706 3213 2059 3306 pinnarum
2080 3214 2390 3290 formam.

239 3322 466 3416 ,Finge
502 3321 710 3415 igitur
743 3316 1058 3387 baculum
1083 3332 1380 3386 erectum
1401 3367 1420 3402 ‚
1453 3343 1490 3386 e
1533 3319 1721 3412 cujus
1754 3317 1974 3388 medio
2004 3308 2219 3390 fasciae
2254 3349 2396 3398 sus·

277 3451 484 3521 pensae
533 3438 764 3512 erant,
813 3425 1153 3518 taeniaeque
1199 3423 1663 3512 versicoloreS,
1715 3449 1895 3518 quae,
1932 3449 2138 3519 quum
2194 3446 2400 3500 vento

279 3535 528 3628 agitatae
544 3545 786 3618 essent,
804 3555 924 3625 per
941 3553 1094 3598 aera
1111 3528 1430 3600 ludebant
1448 3531 1519 3598 in
1544 3528 1818 3600 modum
1832 3529 2105 3600 alarum.
2128 3535 2361 3606 Pollux
2379 3563 2399 3606 ι

285 3638 572 3729 ἀφλάστῳ
601 3637 771 3714 ἐντὸς
807 3635 978 3729 ὀρθὸν
1009 3631 1185 3714 ξύλον
1211 3632 1480 3732 πέπηγεν
1505 3690 1525 3724 ,
1552 3636 1585 3704 ὃ
1614 3643 1867 3704 καλοῦσι
1890 3631 2116 3710 στηλίδ
2119 3666 2192 3727 α,
2219 3641 2288 3707 οὗ.
2319 3645 2397 3710 τὸ

287 3746 350 3810 ἐκ
391 3747 578 3838 μέσου
617 3745 988 3838 κρεμάμενον
1037 3747 1252 3836 ῥάκος,
1292 3743 1497 3810 ταινία
1547 3735 1927 3835 ὀνομάζεται.
1976 3745 2141 3811 Erat
2176 3764 2401 3818 autem

289 3853 648 3946 praecipuus
703 3851 1050 3930 taeniarum
1099 3872 1292 3935 usus,
1340 3863 1416 3916 ut
1465 3873 1549 3916 ex
1604 3850 1735 3916 situ
1776 3872 2005 3916 earum
2044 3874 2410 3944 cognosce-

294 3971 509 4027 rentur
540 3956 740 4025 venti.
779 3945 1011 4043 (C'est
1036 3956 1112 4023 la
1119 3949 1324 4050 piece
1355 3959 1479 4049 qui
1505 3969 1613 4024 est
1642 3946 2025 4050 remplace'e
2058 3955 2239 4028 dans
2280 3987 2409 4034 nos

289 4058 547 4155 galet-es
566 4085 724 4160 par
764 4061 840 4132 la
849 4055 1158 4155 fiee-he.)
