3017 5042
788 451 927 520 DE
982 452 1061 519 c,
1116 450 1437 521 JUL10
1492 450 1949 521 cAEsARE.
2308 462 2452 550 119‘

308 588 424 673 sit,
478 582 662 653 haud
704 580 843 651 alio
890 582 1123 677 legunt
1163 580 1327 668 fine,
1384 607 1588 676 quam
1645 583 1736 651 ob
1789 584 2098 653 eximiam
2139 572 2458 655 Romanae

306 691 547 786 linguae
576 692 937 785 puritatem
958 741 979 775 ,
1020 689 1516 782 verborumque
1552 692 2027 784 proprietatem
2071 714 2402 764 summam
2441 718 2456 760 :

304 822 509 893 super
550 818 687 895 quo
709 810 867 867 ante
898 817 1191 865 nos’non
1224 794 1425 867 semel
1464 798 1704 865 summi
1741 796 1868 865 viri
1905 810 2062 867 sunt
2093 799 2457 893 conquesti.

310 907 592 975 Saneex
610 903 985 972 eobani-ire
1002 916 1103 972 est
1134 903 1576 971 maximarum
1599 916 1668 971 et
1699 902 2198 979 utilissimarum
2233 928 2458 973 rerum

306 1013 573 1105 copiam
602 1036 621 1079 ι
646 1009 984 1103 quamequi
1008 1008 1369 1078 verborum
1396 1007 1723 1105 elegantia
1759 1010 2061 1079 contenti
2079 1009 2459 1105 negligunt,

300 1119 525 1189 minus
562 1117 765 1185 etiam
800 1117 1025 1211 pueris
1059 1117 1362 1211 sapiunt,
1412 1118 1528 1209 qui
1572 1138 1916 1211 nunquam
1961 1120 2054 1185 ita
2093 1140 2161 1185 se
2203 1117 2461 1186 arboris

306 1223 655 1293 frondibus
693 1221 1173 1306 oblectabant,
1214 1236 1291 1290 ut
1330 1224 1634 1317 egregios
1673 1223 1818 1316 ejus
1863 1222 2120 1293 fructus
2162 1236 2459 1293 contem·

304 1317 489 1399 nant.
544 1328 750 1419 Quod
794 1330 849 1397 si
886 1328 1058 1423 quid
1106 1330 1175 1397 in
1224 1327 1634 1397 nobilissimo
1687 1331 2010 1449 scriptore
2053 1328 2461 1425 culpandum

306 1436 647 1525 videatur,
687 1436 821 1504 hoc
853 1458 1067 1505 unum
1110 1433 1273 1505 illud
1328 1434 1530 1503 fuerit
1556 1435 1802 1529 ,quod
1850 1438 1918 1505 in
1966 1438 2043 1505 iis
2068 1462 2276 1531 ,quae
2313 1436 2464 1531 jure

306 1544 565 1638 optimo
608 1554 1029 1611 verterentm
1063 1542 1123 1610 ei
1155 1542 1321 1609 vitio
1336 1544 1870 1636 ,Harpocratem
1909 1557 2094 1637 agat,
2129 1542 2238 1611 vel
2269 1545 2463 1637 Siga-

306 1647 571 1719 leonem
610 1648 1017 1743 AEgyptium.
1059 1650 1165 1716 Ita
1204 1649 1275 1715 in
1308 1649 1507 1716 tertio
1544 1648 1628 1717 de
1655 1646 1833 1717 bello
1859 1648 2093 1737 Civili,
2133 1649 2462 1744 quemad-

306 1754 583 1825 modum
612 1770 681 1825 et
702 1754 884 1849 apud
908 1754 1199 1823 mnium
1222 1808 1242 1839 ,
1276 1752 1483 1823 altum
1523 1754 1606 1827 de
1633 1780 1727 1824 eo
1755 1754 2091 1827 silentium
2128 1770 2257 1844 est,
2285 1754 2467 1850 quod

308 1864 535 1933 casm·
557 1864 633 1931 -in
674 1862 845 1930 urbe
880 1858 1327 1931 Alexandrina
1354 1860 1673 1930 adversus
1701 1863 1878 1930 cives
1909 1870 2253 1956 pugnans,
2283 1877 2360 1931 ut
2397 1886 2466 1930 se

308 1983 652 2058 tueretur,
692 1965 777 2035 in
798 1986 1005 2037 naves
1031 1966 1299 2086 jusserit
1330 1969 1552 2061 ignem
1589 1969 1887 2053 immitti,
1925 1990 2058 2063 qua
2095 1968 2364 2037 flamma
2400 1982 2469 2035 et

304 2074 573 2144 navalia
612 2066 1004 2160 combusta,
1046 2088 1115 2143 et
1144 2074 1363 2143 vicina
1396 2076 1465 2142 in
1513 2076 1816 2168 Serapeo
1829 2074 2290 2163 bibliotheca,
2317 2097 2466 2168 qum

307 2178 705 2251 continebat
756 2180 969 2267 &mne
1030 2182 1445 2275 septingenta
1496 2174 1629 2269 (·.A
1653 2175 1823 2251 Gen.
1869 2180 1978 2251 lib.
2034 2183 2264 2267 v1‚c.
2326 2204 2354 2251 1
2372 2172 2470 2275 7)

304 2288 731 2360 volumnum
766 2285 1015 2373 millia,
1038 2286 1573 2356 inaestimabilem
1619 2288 2043 2374 thesaurum,
2079 2286 2468 2357 Ptolemaeo-

306 2420 459 2465 rum
488 2393 735 2489 vigiliis
756 2416 884 2488 per
915 2340 1249 2463 diicentos
1290 2408 1357 2462 et
1398 2392 1684 2487 amplius
1723 2418 1932 2467 annos
1971 2393 2348 2463 collectum.
2385 2395 2476 2461 At

306 2516 385 2570 ut
414 2496 613 2572 sileat
650 2504 913 2585 Caesar,
948 2522 1087 2568 non
1131 2494 1325 2569 silent
1363 2500 1764 2577 Plutarchus
1785 2554 1805 2587 ,
1844 2503 2009 2585 Dio,
2040 2502 2432 2571 Ammianus
2457 2552 2477 2586 ,

308 2606 439 2677 alii.
482 2606 668 2696 Quid
708 2606 891 2699 quod
928 2607 999 2673 in
1040 2605 1241 2673 robus
1282 2608 1417 2673 suis
1454 2630 1596 2680 non
1641 2606 1796 2673 satis
1839 2606 2176 2675 interdum
2211 2608 2476 2674 veritati

308 2711 553 2783 litaret.
586 2713 945 2795 Samosatis
964 2724 1231 2781 constat
1249 2766 1268 2797 ,
1305 2713 1382 2781 L.
1422 2710 1766 2781 Coecilium
1799 2710 2148 2787 Metellum
2185 2713 2477 2789 sanctius

309 2817 621 2891 aerarium
642 2872 663 2905 ‚
706 2818 899 2912 cujus
942 2816 1163 2887 claves
1200 2815 1612 2887 abstulerant
1657 2816 1986 2885 Consules
2003 2871 2021 2902 ,
2060 2814 2216 2886 sella
2256 2818 2477 2887 tribu·
2572 2864 2579 2870 -

308 2928 475 3003 uitia
505 2926 819 3021 opposita·
836 2978 855 3012 ,
884 2922 1255 2993 defendisse
1282 2922 1608 2993 adversus
1635 2924 2002 3008 Caesarem3
2039 2924 2222 3008 hunc
2253 2939 2476 2993 autem

308 3048 667 3127 tantopere
704 3032 1187 3100 comminatum
1232 3030 1433 3099 fuisse
1475 3027 1753 3098 Metello
1777 3084 1795 3115 ,
1840 3043 1914 3099 ut
1952 3030 2122 3099 urbe
2159 3031 2421 3127 fugeret
2461 3056 2477 3097 τ

308 3138 469 3237 post
505 3138 615 3208 illa
636 3192 657 3225 ,
684 3138 981 3207 effractis
1002 3136 1292 3225 foribus,
1322 3135 1670 3206 abstulisse
1699 3136 2052 3207 thesauros
2085 3146 2309 3207 sacros
2327 3192 2346 3224 ,
2371 3139 2486 3231 qui

310 3260 471 3341 post
505 3245 746 3314 urbem
768 3268 811 3313 a
850 3240 1353 3339 Gallis-captam
1394 3244 1540 3312 istie
1573 3242 1859 3338 depositi
1897 3260 2090 3315 erant
2109 3299 2128 3329 ‚
2170 3258 2373 3339 atque
2401 3243 2485 3311 ad

312 3367 616 3423 extrema
670 3352 953 3421 civitatis
1006 3350 1301 3444 pericula
1350 3345 1881 3419 reservabantur.
1922 3352 2094 3423 Saue
2137 3352 2220 3419 de
2259 3350 2486 3423 clauso

314 3458 791 3554 persi-actoque
821 3458 1061 3526 aerario
1085 3456 1252 3527 clari
1285 3472 1485 3527 testes
1519 3454 1784 3525 Tullius
1817 3457 1902 3525 ad
1931 3461 2130 3527 Attio.
2169 3456 2278 3526 lib.
2299 3460 2447 3527 *Vll
2471 3508 2506 3541 ,.

316 3567 507 3660 epist.
548 3588 658 3634 ιιι
700 3578 771 3633 et
806 3585 930 3649 xv3
975 3566 1291 3634 Lucanus
1329 3563 1441 3631 lib.
1480 3566 1594 3631 III
1618 3615 1637 3647 ,
1696 3588 1720 3633 1
1748 3588 1774 3632 1
1799 3560 1885 3650 ὃς
1923 3560 2164 3635 'Florus
2200 3563 2308 3633 lib.
2353 3566 2494 3649 IV,

318 3696 468 3766 cap.
504 3696 600 3758 ος
642 3696 681 3739 e
712 3672 975 3752 Graecis
1018 3672 1151 3739 Dio
1176 3724 1197 3757 ,
1233 3669 1670 3755 PlutarchuS,
1714 3672 2084 3765 Appianas.
2119 3675 2210 3740 At
2246 3673 2388 3765 ipse
2429 3672 2497 3737 in

318 3779 819 3852 commentariis
846 3774 995 3867 (lib.
1038 3780 1069 3844 Ι
1112 3776 1201 3850 de
1244 3776 1419 3845 bello
1466 3769 1714 3864 Civili)
1755 3778 2027 3864 scribit,
2058 3776 2416 3847 Lentulum
2461 3802 2502 3845 a

318 3886 741 3979 Pompeianis
783 3884 1095 3952 habuisse
1130 3885 1198 3950 in
1240 3882 1562 3952 mandato
1587 3937 1605 3969 ,
1642 3896 1720 3950 ut.
1766 3886 2122 3979 pecuniam
2155 3908 2238 3953 ex
2273 3884 2506 3955 aerario

320 3992 953 4085 omnem-Pompeio
992 3991 1286 4059 mitteret
1322 3992 1391 4059 in
1432 3989 1840 4087 belli'usum
1877 3989 2042 4059 :sed
2085 3989 2290 4085 quum
2335 4016 2508 4061 nun-

321 4098 483 4185 tius,
522 4118 928 4193 quamquam
962 4118 1179 4167 vanus
1214 4095 1358 4181 ille,
1404 4096 1490 4163 ad
1538 4118 1734 4164 aures
1783 4092 2201 4192 pertigisset,
2235 4101 2513 4169 Caesaris

2001 4219 2090 4301 8⁴0
