3017 5042
634 467 785 549 [ρο
1360 458 2038 527 DISSERTATIO

632 607 913 664 mutant.
946 594 1077 660 Res
1099 613 1495 684 quocunque
1528 587 1730 658 modo
1757 613 1826 656 se
1851 588 2126 671 habeat,
2154 587 2771 681 interpretationem

637 698 832 769 Gellii
878 723 1013 768 non
1053 696 1247 791 plane
1294 695 1715 788 rejiciendam
1760 718 2034 781 cense0‚
2077 692 2441 762 dummodo
2487 719 2636 763 eam
2674 699 2768 765 sic

632 803 987 898 intelligaS,
1024 817 1101 871 ut
1132 801 1453 896 oppidum
1490 824 1970 893 nonnunquam
2000 799 2258 868 dicatur
2295 804 2536 870 cavitas
2557 826 2598 868 a
2620 802 2770 895 jure

634 913 917 981 civitatis
938 964 957 995 ,
989 909 1175 1002 cujus
1206 922 1407 1002 caput
1442 921 1560 975 est.
1595 908 1778 994 Quin
1809 905 2008 991 ade0,
2039 907 2130 973 ita
2158 905 2304 973 haec
2335 904 2536 974 Gellii
2573 932 2768 1001 supe-

632 1018 918 1086 rioribus
954 1029 1405 1085 consentanea
1441 1027 1668 1099 erunt,
1703 1011 1820 1080 ubi
1851 1013 1995 1105 pari
2029 1011 2232 1079 modo
2269 1010 2454 1081 loeus
2484 1013 2625 1106 ipse
2662 1013 2769 1081 di-

631 1125 803 1192 citur
836 1137 1119 1191 senatus
1136 1173 1158 1206 ,
1208 1129 1483 1213 propter
1538 1132 1836 1187 senatum
1895 1117 2278 1210 frequenter
2315 1117 2407 1185 ibi
2444 1117 2764 1188 habitum.

638 1229 838 1298 Verbi
881 1233 1118 1298 civitas
1156 1227 1292 1319 jam
1350 1234 1579 1294 sensus
1636 1247 1866 1294 omnes
1911 1221 2393 1292 declaravimus
2437 1249 2452 1290 :
2495 1224 2678 1317 quod
2719 1227 2770 1292 si

632 1335 939 1404 adessent
966 1333 1161 1438 lqnge
1198 1334 1421 1426 plures
1443 1383 1463 1417 ,
1492 1329 1920 1400 nihilominus
1947 1343 2429 1423 oporteret,·ut
2457 1330 2580 1400 sibi
2609 1329 2767 1399 ver-

631 1442 793 1511 bum
840 1452 1176 1510 constaret
1227 1435 1409 1506 nulla
1469 1437 1754 1530 regionis
1808 1436 2062 1505 ratione
2110 1434 2194 1503 de
2245 1460 2378 1529 qua
2432 1437 2769 1522 sumitur;

629 1571 845 1640 neque
877 1547 1053 1614 enim
1097 1557 1197 1612 est
1233 1546 1443 1612 instar
1480 1543 1971 1628 thermometri‚
2005 1541 2188 1634 quod
2231 1566 2356 1635 pro
2393 1542 2608 1636 gradu
2645 1544 2768 1612 sub

630 1678 763 1747 quo
792 1655 985 1721 situm
1019 1665 1157 1736 est,
1196 1675 1337 1719 sese
1378 1674 1642 1719 sursum
1685 1646 1857 1716 tollit
1878 1702 1897 1733 ,
1944 1647 2047 1716 vel
2090 1647 2400 1716 deorsum
2437 1647 2766 1742 deprimit.

739 1758 1144 1852 Aggreditur
1179 1779 1359 1825 nunc
1393 1755 1493 1825 Cl.
1529 1756 1843 1822 Dulaure
1880 1752 2281 1822 vocabulum
2317 1753 2538 1836 urbis,
2573 1755 2768 1849 idque

632 1865 851 1934 adhuc
904 1864 1359 1933 vehementius
1418 1862 1643 1954 agitat.
1700 1861 2033 1953 Principio
2086 1859 2395 1927 adfirmat
2435 1862 2766 1956 Caesarem

630 1997 713 2040 eo
756 1996 892 2040 non
930 1965 1066 2039 nisi·
1086 1983 1372 2064 quatuor
1400 1968 1469 2034 in
1500 1966 1662 2034 locis
1690 1990 1884 2033 usum
1922 1990 2102 2050 esse;
2141 1979 2211 2033 et
2250 1965 2602 2035 confestim
2631 1959 2766 2035 s'in·

632 2076 788 2171 gula
830 2078 1198 2159 examinat,
1241 2088 1317 2141 ut
1356 2072 1769 2140 demonstret
1812 2068 1996 2139 illum
2047 2069 2226 2138 aliud
2258 2069 2604 2165 quidpiam
2647 2074 2766 2142 sub

631 2185 759 2252 hac
787 2180 1229 2276 appellatione
1248 2179 1646 2270 designasse.
1683 2179 2057 2270 Sequamur
2083 2177 2286 2269 igitur
2313 2176 2762 2248 adversarium

629 2302 953 2357 nostrum.

738 2397 821 2462 In
850 2392 1000 2462 libri
1027 2394 1162 2461 VII
1196 2415 1342 2484 cap.
1384 2415 1409 2460 ι
1431 2387 1471 2462 5
1493 2445 1513 2478 ,
1552 2391 1644 2459 ait
1677 2391 1939 2460 Caesar:
1991 2395 2140 2458 Uno
2169 2386 2282 2459 die
2305 2393 2608 2486 amplius
2635 2372 2767 2473 XX

634 2503 1011 2594 Biturdgwn
1068 2498 1269 2566 urbes-
1310 2497 1776 2570 incenduntur.
1835 2496 2238 2590 Biturigibus
2307 2496 2612 2591 amplius·
2637 2501 2763 2568 XX

634 2607 834 2675 urbes
866 2603 1103 2690 fuisse,
1129 2617 1331 2697 negat
1353 2602 1455 2672 Cl.
1484 2605 1832 2687 Dulaure,
1865 2616 2009 2670 tum
2047 2605 2364 2697 temporis
2397 2606 2578 2672 enim
2611 2605 2761 2673 Gal·

635 2712 733 2781 los
768 2711 1067 2780 barbaris
1106 2709 1642 2778 adnumerandos
1683 2707 2006 2794 declarat,
2041 2733 2326 2800 quorum
2363 2724 2540 2778 terra
2589 2711 2759 2778 silvis

516 2822 532 2842 ⁹
634 2816 905 2888 horrida
947 2816 1163 2884 fuerit.
1196 2815 1399 2884 Addit
1426 2816 1697 2908 insuper
1734 2839 1748 2880 ε
1786 2815 1838 2882 si
1872 2813 1955 2882 de
1987 2814 2267 2882 urbibus
2303 2815 2542 2884 eodem
2575 2819 2774 2885 sensu'

637 2937 977 3018 ageretur,
1002 2946 1139 3014 quo
1158 2946 1279 2990 nos
1292 2921 1491 2990 hodie
1518 2921 1750 2989 urbem
1775 2919 2084 3006 dicimuS,
2111 2920 2435 3015 Bituriges
2465 2947 2604 2991 non
2625 2938 2758 2990 tan-

638 3046 777 3101 tam
806 3029 1135 3122 jacturam
1167 3029 1356 3121 parvi
1384 3027 1718 3096 fecissent:
1741 3050 1955 3120 neque
1988 3049 2130 3092 rem
2156 3025 2450 3096 referens
2467 3082 2487 3114 ,
2504 3029 2761 3118 dixisset

636 3138 883 3218 Caesar3
911 3135 1219 3203 celeriter
1226 3137 1487 3202 amissa
1506 3147 2028 3228 recuperaturos
2041 3132 2504 3220 confidebant.
2545 3137 2760 3228 Pergit

638 3241 739 3312 Cl.
757 3242 1090 3326 Dulame,
1115 3240 1726 3332 ineptissimumque
1749 3237 1948 3306 affert
1969 3253 2454 3331 argumentum.
2490 3243 2760 3310 Dixerat

638 3347 817 3444 apud
846 3349 1174 3416 Caesarem
1201 3343 1401 3438 paulo
1438 3369 1638 3437 supra
1660 3345 2166 3438 Vercingetorix
2199 3345 2464 3440 oppida
2497 3346 2764 3416 thcendi

635 3469 983 3551 oportere,
1025 3452 1117 3520 ita
1168 3465 1243 3518 ut
1280 3452 1351 3518 in
1396 3448 1662 3520 easdem
1698 3452 1834 3518 XX
1868 3449 2066 3518 urbes
2108 3449 2376 3520 caderet
2409 3453 2756 3546 appellatio

634 3559 1033 3655 oppidorum
1069 3549 1257 3651 (quae
1291 3580 1397 3624 res
1421 3581 1573 3624 meo
1601 3554 1867 3650 quidem
1891 3554 2141 3648 judicio
2171 3555 2257 3625 ad
2281 3556 2752 3627 confutandum

636 3668 739 3738 Cl.
784 3667 1097 3736 Dulaure
1134 3661 1469 3731 sufficeret
1490 3654 1538 3749 ).
1596 3663 1910 3730 Dulaure
1955 3660 2447 3733 conclusionem
2491 3667 2754 3733 omnino

634 3774 963 3844 diversam
989 3768 1289 3854 deducit,
1318 3793 1558 3862 nempe
1585 3767 1782 3838 urbes
1815 3791 1950 3836 non
1981 3791 2152 3854 esse,
2180 3793 2341 3862 quas
2369 3771 2754 3839 memoravit

636 3882 859 3949 Caesar
888 3902 903 3944 :
942 3898 1097 3944 nam
1134 3874 1379 3967 oppida
1414 3868 1828 3962 (dummodo
1872 3874 2140 3942 somniis
2182 3874 2479 3944 confidas
2523 3876 2751 3946 eruditi

633 3978 799 4071 viri)
844 3980 989 4050 loca
1020 3994 1175 4049 sunt
1205 3981 1475 4048 omnino
1502 4003 1750 4063 vacua,
1783 3977 2144 4072 incolisque
2174 3977 2507 4054 destituta.
2542 3984 2749 4051 Caete-

632 4117 781 4161 rum
810 4089 961 4182 quia
999 4101 1153 4173 ante
1190 4085 1447 4155 dixerat
1486 4110 1752 4178 quoque
1792 4084 1964 4153 idem
1994 4087 2528 4179 Vercingetorix,
2571 4093 2748 4156 vicos

2973 4905 2975 4916 -
2973 4799 2975 4874 .-.-
2968 4435 2975 4784 ——ss——ss
2970 3692 2977 4412 ————————-——.q
2975 3607 2977 3654 —‚
