3017 5042
642 444 781 491 112
1073 414 1858 486 SUPPLEMENTA
1911 414 2285 503 VARIA,

632 554 797 623 bam
845 550 1061 637 venit3
1104 572 1382 643 eamque
1435 562 1830 642 occupatam
1859 601 1878 635 ,
1919 549 2180 617 Coesare
2235 546 2550 633 cedente,
2589 551 2790 621 Sexte

634 660 829 731 fratri
864 655 1365 749 custodiendam
1399 654 1686 723 tradidit.
1721 654 1984 723 Deinde
2013 680 2221 749 quum
2251 653 2332 723 ad
2370 654 2594 725 Ullam
2621 658 2790 727 nihil

637 764 1025 861 proficeret,
1064 786 1405 859 quumque
1447 761 1632 829 urbis
1666 760 1835 829 turri
1873 761 1963 829 ob
2001 759 2496 830 multitudinem
2527 788 2788 858 propu-

638 886 995 967 gnatorum
1030 869 1351 964 collapsa‚
1392 892 1471 936 ea
1508 866 1747 937 milites
1790 869 2233 962 irrumpentes
2257 923 2276 956 ,
2319 867 2494 938 male
2532 875 2792 966 accepti

638 992 857 1049 essent
877 1031 896 1063 ,
920 992 1003 1046 ac
1035 977 1299 1044 interim
1330 977 1589 1062 Caesar,
1609 989 1812 1043 noctu
1843 976 2162 1069 suppetiis
2184 976 2250 1043 in
2279 975 2512 1043 urbem
2539 979 2793 1066 missiS,

640 1084 725 1155 ad
760 1083 1147 1153 Cordubam
1183 1082 1425 1150 iterum
1466 1096 1684 1149 castra
1727 1082 2092 1175 posuisset,
2125 1081 2604 1175 obsidioneque
2641 1109 2791 1153 eam

643 1192 985 1263 cinxisset:
1016 1190 1104 1259 ibi
1142 1189 1413 1257 demum
1450 1190 1674 1257 Cneus
1698 1187 1853 1256 Ulla
1880 1190 2154 1257 omnino
2179 1187 2408 1256 relicta
2427 1243 2446 1273 ,
2475 1192 2794 1283 omnique

640 1298 937 1368 exercitu
989 1295 1077 1363 ad
1126 1293 1514 1365 Cordubam
1567 1318 1928 1364 conversus
1949 1348 1968 1381 ,
2023 1309 2282 1363 tantum
2340 1294 2625 1389 profecit
2647 1350 2667 1381 ,
2722 1311 2794 1365 ut
2837 1378 2845 1389 .

645 1406 901 1486 Caesar,
940 1401 1055 1495 qui
1092 1415 1251 1470 tunc
1292 1400 1532 1469 morbo
1569 1400 2109 1490 conflictabatur,
2152 1401 2292 1495 ejus
2333 1400 2626 1471 adventu
2667 1427 2790 1471 au-

642 1510 783 1579 dito
820 1508 1183 1578 recesserit.
1196 1508 1452 1577 Verum
1494 1509 1753 1595 Caesar,
1795 1522 2062 1601 recepta
2097 1509 2412 1593 sanitate,
2453 1507 2794 1585 militibus·
2850 1532 2863 1549 ‘

644 1641 775 1711 que
816 1617 930 1709 qui
958 1614 1294 1683 subsecuti
1311 1627 1532 1700 erant,
1563 1613 1650 1682 ad
1687 1640 1755 1683 se
1785 1616 2110 1709 acceptis,
2143 1628 2414 1683 coactus
2439 1630 2540 1684 est
2572 1615 2791 1685 hieme

644 1721 893 1797 bellum
928 1746 1161 1815 gerere
1187 1746 1201 1788 :
1238 1744 1395 1789 nam
1426 1734 1495 1789 et
1523 1720 1966 1791 tabernaculis
1989 1723 2316 1790 exercitus
2351 1722 2791 1791 incommodis

646 1843 839 1899 utens
865 1827 1247 1914 laborabat,
1280 1840 1353 1896 et
1380 1827 1627 1896 cibaria
1666 1827 1960 1896 deerant.

750 1938 853 2005 Eo
894 1950 1118 2003 autem
1162 1949 1465 2028 tempore
1500 1933 1897 2026 dictaturam
1936 1932 2238 2029 gerebat,
2281 1947 2346 2001 et
2375 1934 2500 2001 sub
2537 1935 2790 2003 exitum

640 2041 915 2113 demum
946 2042 1105 2109 anni
1138 2040 1371 2109 consul
1396 2054 1656 2109 creatus
1689 2040 1845 2129 fuit,
1881 2054 2255 2109 convocato
2281 2040 2422 2133 ejus
2451 2042 2550 2108 rei
2582 2044 2792 2135 gratia

644 2147 896 2245 populo
939 2172 1061 2242 per
1114 2146 1482 2240 Lepidum,
1539 2148 1653 2241 qui
1696 2162 1840 2215 tum
1893 2148 2207 2241 magister
2257 2148 2556 2240 equitum
2612 2163 2792 2234 erat,

644 2277 933 2347 eumque
981 2251 1247 2321 titulum
1312 2253 1434 2321 sibi
1496 2252 1730 2323 consul
1799 2269 2034 2323 contra
2100 2253 2428 2346 majorum
2490 2255 2795 2323 instituta

646 2374 1037 2455 sumpserat.
1070 2360 1297 2428 Caesar
1330 2360 1568 2455 igitur,
1605 2375 1680 2429 ut
1715 2359 1889 2445 dixi,
1918 2360 2000 2429 ad
2039 2358 2284 2428 bellum
2316 2359 2598 2429 hiberna
2637 2377 2794 2430 tem-

643 2481 901 2563 pestate
952 2465 1413 2559 exequendum
1464 2466 1742 2536 adactus
1773 2521 1793 2555 ,
1856 2465 2188 2535 Cordubae
2249 2469 2754 2561 oppugnatione
2773 2518 2791 2552 ,

644 2573 829 2669 quod
878 2596 1027 2641 eam
1075 2570 1297 2640 valido
1357 2572 1662 2666 praesidio
1710 2574 1923 2641 teneri
1976 2588 2174 2641 norat
2201 2626 2219 2660 ,
2275 2572 2614 2643 abstinens
2639 2628 2661 2662 ,
2708 2574 2791 2645 ad

642 2683 1002 2775 Atteguam
1044 2677 1319 2767 urbem,
1366 2678 1482 2747 ubi
1527 2703 1838 2775 magnam
1883 2682 2020 2747 vim
2072 2680 2388 2748 frumenti
2429 2682 2792 2774 repositam

642 2812 787 2858 esse
829 2786 1158 2873 audierat,
1200 2810 1269 2853 se
1312 2788 1682 2872 convertit3
1729 2810 2002 2880 sperans
2045 2811 2114 2853 se
2159 2785 2581 2855 multitudine
2623 2787 2793 2856 mili-

643 2911 787 2967 tum
822 2918 1093 2963 suorum
1111 2946 1132 2979 ,
1168 2894 1650 2986 repentinoque
1689 2890 1980 2979 adventu
2022 2893 2390 2986 perterritis
2434 2893 2743 2963 hostibus
2771 2946 2790 2981 ,

640 2999 834 3091 facile
870 3023 1017 3067 eam
1054 3000 1124 3066 in
1154 3022 1340 3067 suam
1378 3011 1776 3092 potestatem
1808 2998 2228 3067 redacturum
2255 3051 2273 3085 ,
2309 3023 2589 3093 eamque
2634 3025 2787 3068 mu·

641 3104 1005 3177 nitionibus
1039 3104 1291 3173 clausit.
1315 3106 1709 3199 Pompeius,
1735 3120 1990 3175 naturae
2018 3104 2153 3174 ‘loci
2185 3105 2396 3174 fidens
2415 3158 2433 3192 ,
2471 3122 2789 3201 ratusque

644 3217 975 3285 Caesarem
1027 3225 1305 3305 propter
1352 3214 1510 3279 anni
1553 3227 1818 3306 tempus
1863 3211 2274 3281 obsidionem
2325 3212 2592 3282 trahere
2651 3239 2786 3282 non
2821 3275 2836 3299 ,

644 3343 874 3416 posse,
918 3316 1112 3386 simul
1156 3316 1338 3409 quod
1376 3316 1616 3387 milites
1660 3344 1816 3388 suos
1856 3318 2102 3413 frigore
2145 3318 2444 3415 affligere
2477 3318 2788 3407 nolebat3

644 3428 883 3499 urbem
911 3422 1395 3495 defendendam
1426 3425 1549 3495 sibi
1576 3427 1864 3520 primum
1889 3450 2024 3495 non
2048 3426 2406 3495 arbitratus
2433 3441 2572 3496 est:
2603 3440 2784 3523 post-

645 3558 847 3631 quam
891 3526 1053 3600 vero
1096 3556 1171 3599 ea
1219 3530 1395 3600 vallo
1446 3531 1886 3601 circumclusa
1935 3555 1976 3600 a
2021 3536 2288 3604 Caesare
2313 3586 2332 3618 ‚
2370 3547 2438 3600 et
2489 3534 2784 3602 circum-

648 3665 824 3714 sessa
868 3653 1002 3726 est,
1039 3639 1275 3707 timore
1326 3639 1654 3708 adductus
1697 3640 1880 3707 venit
1917 3639 2162 3708 auxilio
2203 3641 2368 3727 suiS,
2407 3654 2472 3707 et
2515 3654 2784 3709 noctem

644 3764 879 3820 nactus
914 3744 1209 3815 nubilam
1243 3759 1516 3841 repente
1551 3745 1967 3815 excubitores
2003 3748 2244 3815 invasit
2269 3772 2284 3814 :
2309 3745 2784 3841 compluribus·

646 3880 776 3953 que
818 3855 1059 3924 horum
1104 3854 1286 3921 caesis
1306 3906 1326 3940 ,
1374 3877 1584 3946 quum
1622 3876 1736 3921 eos
1783 3854 1898 3947 qui
1941 3854 2008 3920 in
2054 3852 2302 3947 oppido
2345 3868 2574 3937 erant,
2612 3854 2782 3921 duce

647 3984 873 4034 carere
917 3957 1347 4054 intelligeret,
1385 3960 1764 4029 Munatium
1809 3959 2122 4029 Flaccum
2178 3959 2261 4029 ad
2313 3984 2426 4029 eos
2471 3960 2779 4029 intromi-

646 4072 749 4141 sit.
796 4070 1131 4137 Caeterum
1182 4066 1315 4137 hoc
1364 4066 1647 4137 artificio
1693 4070 1764 4135 in
1809 4066 2134 4161 oppidum
2189 4069 2510 4160 pervenit.
2556 4070 2780 4138 Noctu
