3017 5042
1041 441 1729 514 FRAGMENTA.
1858 493 1863 498 -
1994 389 2015 398 -
2354 445 2450 520 33

321 589 393 644 ut
413 573 838 668 Dyrrachina
867 575 1240 642 munitione
1275 576 1659 670 Pompeius,
1683 575 1829 644 viso
1864 599 2105 670 genere
2140 580 2331 674 panis
2370 607 2457 652 ex

318 681 528 750 herba
545 733 564 768 ,
590 701 725 774 quo
755 681 1254 749 sustinebantur
1274 733 1292 769 ,
1316 705 1469 750 cum
1504 681 1659 750 feris
1677 682 1812 752 ,sibi
1844 707 1985 751 rem
2020 709 2163 754 esse
2186 685 2457 776 dixerit,

317 803 439 858 etc.
475 791 754 858 Sueton.
795 785 1063 856 ibidem.

427 892 776 983 Quosdam
821 893 1034 961 infimi
1077 894 1336 989 generis
1376 893 1474 962 ad
1499 894 1941 990 amplissimos
1976 896 2265 968 honores
2301 927 2457 995 pro

323 1003 520 1070 vexit.
568 1002 800 1088 Quum
845 1000 934 1068 ob
963 999 1032 1068 id
1066 998 1490 1118 culparetur,
1516 1001 1853 1095 professus
1894 1018 1998 1072 est
2022 1003 2281 1108 palam,
2319 1035 2355 1072 α
2389 1009 2459 1077 Si

323 1121 773 1202 grassatorum
823 1121 892 1174 et
945 1107 1332 1176 sicariorum
1381 1131 1510 1202 ope
1556 1110 1625 1175 in
1668 1109 1914 1177 tuenda
1967 1134 2083 1178 sua
2140 1091 2463 1206 dignitate

324 1238 480 1284 usus
511 1228 715 1300 esset,
737 1212 979 1281 talibus
1014 1237 1280 1308 quoque
1320 1238 1390 1284 se
1419 1238 1651 1308 parem
1690 1216 1969 1308 gratiam
2002 1215 2451 1287 relaturum.»

323 1323 503 1391 Suet.
551 1325 624 1388 in
673 1323 843 1391 Coes.
877 1344 935 1388 c.
990 1343 1107 1416 72.

351 1507 356 1512 ⁸
426 1429 888 1520 Interrogatus
931 1451 1054 1494 cur
1097 1424 1507 1550 iepudiasset
1551 1451 1872 1496 uxorem
1849 1471 1872 1515 ,-
1918 1433 2310 1520 Quoniam,
2362 1435 2459 1501 in-

323 1535 502 1628 quit,
529 1557 717 1601 meos
757 1549 901 1601 tam
938 1537 1352 1628 suspicione,
1393 1558 1605 1626 quam
1641 1539 1919 1604 crimine
1930 1535 2177 1651 Judi‘co
2225 1562 2339 1608 cat
2342 1563 2463 1608 ·ere

323 1655 654 1736 oportere.
701 1641 878 1708 Suet.
927 1644 998 1708 in
1047 1641 1220 1712 Caes.
1269 1663 1326 1706 c.
1386 1663 1424 1733 7
1437 1642 1504 1723 4.

425 1748 588 1817 Acie
642 1743 1021 1816 Pharsalica
1077 1744 1553 1842 proclamavit,
1608 1762 1688 1814 ut
1734 1746 1987 1838 civibus
2030 1769 2459 1843 parceretur.

326 1856 504 1924 Suet.
551 1859 624 1922 in
663 1856 840 1926 Caes.
885 1877 942 1920 c.
994 1849 1112 1948 75.

425 1961 814 2054 Nosseque‚
854 1975 930 2028 ut
967 1961 1192 2029 Caesar
1241 1959 1550 2028 Dictator
1586 1960 1845 2048 aiebat,
1896 1989 1931 2024 α
1960 1962 2277 2031 miserum
2324 1989 2464 2036 esse

325 2069 838 2136 instrumentum
873 2065 1196 2135 senectuti
1230 2065 1773 2136 recordationem
1804 2066 2231 2138 crudelitatis,
2247 2099 2281 2136 >a
2298 2075 2461 2140 Am.

324 2175 636 2245 Marcell.
679 2196 883 2268 29,2
895 2226 909 2241 .
1335 2241 1350 2254 ,

424 2283 571 2349 Nec
617 2281 892 2349 minoris
939 2279 1348 2373 impotentiae
1391 2303 1590 2348 voces
1653 2278 1999 2374 propalam
2047 2281 2334 2370 edebat,
2392 2299 2468 2354 ut

323 2389 394 2454 T.
439 2371 782 2481 Ampius⁵⁵
830 2385 1096 2455 scribit:
1145 2413 1180 2448 α
1215 2383 1399 2453 Nihil
1435 2409 1578 2454 esse
1622 2387 2136 2480 rempublicam,
2173 2390 2464 2484 appella-

323 2494 570 2563 tionem
615 2491 854 2581 modo,
901 2493 1036 2560 sine
1081 2515 1410 2585 corpore,
1454 2515 1535 2561 ac
1587 2494 1826 2585 specie.
1880 2491 2129 2562 Sullam
2181 2499 2465 2570 nescisse

321 2598 540 2670 literas
563 2655 583 2688 ,
609 2602 723 2695 qui
761 2599 1160 2669 dictaturam
1196 2597 1595 2693 deposuerit.
1648 2598 1913 2668 Debere
1958 2599 2261 2670 homines
2306 2628 2463 2672 con-

321 2705 665 2777 sideratius
703 2708 842 2802 jam
902 2705 1082 2800 loqui
1125 2728 1387 2792 secum,
1430 2729 1510 2774 ac
1559 2730 1683 2799 pro
1729 2702 1985 2798 legibus
2030 2706 2279 2776 habere
2318 2734 2463 2802 quae

324 2813 518 2883 dicat.
557 2844 592 2879 2>
644 2816 828 2883 Suet.
867 2819 938 2881 in
987 2815 1157 2883 Coes.
1198 2835 1253 2879 c.
1299 2835 1418 2906 77.

426 2923 664 3015 quue
693 2920 1086 3015 arrogantiae
1122 2941 1516 3012 progressus
1554 2931 1689 3004 est,
1718 2929 1824 3003 ut,
1862 2916 2239 3013 haruspices
2251 2921 2461 2989 tristia

323 3041 389 3094 et
431 3029 572 3096 sine
617 3026 820 3096 corde
874 3040 1058 3110 exta,
1105 3049 1293 3092 sacro
1339 3022 1629 3118 quodam
1654 3077 1675 3109 ,
1718 3025 2067 3092 nuntiante
2085 3079 2104 3110 ‚
2158 3054 2193 3090 ι(
2234 3025 2460 3096 futura

294 3133 574 3204 ,diceret
608 3132 855 3202 laetiora
878 3185 897 3220 ,
920 3156 1125 3226 quum
1153 3128 1386 3217 vellet3
1406 3155 1531 3198 nec
1567 3155 1693 3225 pro
1726 3143 1990 3200 ostento
2034 3129 2456 3222 ducendum,

321 3241 376 3308 si
425 3240 668 3333 pecudi
719 3265 836 3309 cor
879 3237 1295 3307 defuisset.»
1350 3239 1533 3307 Suet.
1580 3242 1651 3304 m
1700 3239 1869 3308 Caes.
1932 3263 2086 3332 cap.
2134 3239 2282 3310 eod.
2336 3265 2373 3337 7
2390 3265 2455 3336 7.

424 3346 892 3440 Triumphanti
938 3359 1005 3412 et
1050 3341 1355 3412 subsellia
1394 3342 1735 3412 tribunitia
1785 3344 2296 3437 praetervehenti
2334 3349 2457 3418 sibi

322 3478 528 3522 unum
580 3479 616 3521 e
664 3435 1006 3547 collegio56
1059 3451 1370 3519 Pontium
1423 3448 1729 3542 Aquilam
1780 3474 1919 3518 non
1975 3449 2458 3543 adsurrexisse,

323 3561 488 3630 adeo
511 3559 891 3653 indignatus
915 3571 1046 3644 est,
1069 3571 1145 3624 ut
1185 3554 1736 3650 proclamaverit.
1762 3559 2018 3650 Repete
2039 3582 2203 3651 ergo
2232 3583 2282 3626 a
2308 3582 2451 3648 me,

323 3668 626 3761 Aquila,
654 3664 1180 3760 rempublicam,
1210 3661 1557 3731 tribunus.-
1588 3688 1713 3732 nec
1736 3661 2061 3732 destiterit
2090 3688 2213 3758 per
2234 3667 2454 3734 conti-

324 3799 490 3842 nuos
526 3773 666 3841 dies
703 3771 1062 3866 quidquam
1104 3771 1447 3864 cuiquam,
1484 3771 1608 3836 nisi
1644 3767 1767 3836 sub
1804 3772 2227 3864 exceptione,
2264 3771 2451 3865 polli-

315 3987 326 3994 ·
406 3955 496 4010 55.
535 3956 596 4008 T.
629 3954 848 4025 Ampius.
878 3953 930 4005 Is
961 3964 1067 4018 est,
1094 3949 1162 4004 ad
1182 3969 1342 4022 quem
1430 3951 1558 4003 belli
1580 3951 1763 4004 civilis.
1780 3949 1909 4004 vid.
1932 3951 2073 4004 vell.
2095 3951 2208 4006 Pat.
2244 3953 2299 4006 ΙΙ
2316 3994 2329 4017 ,
2360 3963 2453 4019 4ο.
2480 3911 2492 3924 .

323 4037 511 4090 Cicero
539 4034 726 4088 scribit
742 4071 758 4099 ,
775 4035 811 4085 1.
837 4051 924 4098 vt,
946 4033 1098 4104 epist.
1127 4029 1194 4083 ad
1217 4031 1342 4084 fam.
1518 4030 1609 4083 56.
1645 4029 1801 4082 Unum
1832 4051 1858 4080 e
1884 4031 2103 4100 collegio.
2135 4033 2256 4086 Scil.
2284 4035 2456 4092 uibu-

321 4117 476 4170 Hunc
493 4113 780 4169 Caesariani
806 4112 1140 4184 appellabant
1163 4111 1345 4163 tubam
1433 4128 1629 4162 norum
1659 4110 1845 4189 plebis.

419 4217 550 4284 IV.
2028 4207 2069 4280 3
