3017 5042
502 453 646 528 150
946 454 1472 542 EDITORIS
1525 454 2180 524 ANNOTATIO.

497 614 520 636 ι
544 605 691 640 cores
719 585 787 638 de
810 585 985 657 quelle
1003 605 1157 656 grace
1182 599 1235 638 et
1264 585 1333 638 de
1359 586 1534 656 quelle
1565 587 1754 638 beaute
1781 585 1819 636 il
1849 604 1876 636 a
1909 583 2058 638 sarde
2079 599 2216 639 cette
2245 585 2392 639 riche
2417 588 2646 642 matiere

498 696 520 716 ι
542 665 702 719 d’une
728 668 879 736 fac-on
908 664 975 717 de
994 664 1111 718 dire
1142 665 1187 718 si
1216 684 1351 736 pure
1368 704 1382 730 ,
1411 665 1453 718 si
1482 664 1702 717 delicate
1734 678 1786 717 et
1813 665 1859 716 si
1884 667 2167 734 parfaicte,
2185 663 2304 737 qu’a
2329 686 2454 719 mon
2479 681 2638 740 goust

496 775 521 798 ι
542 748 579 801 il
607 747 699 818 n’y
732 765 758 798 a
791 746 1009 797 aulcuns
1035 746 1218 798 escrits
1258 765 1326 797 au
1359 743 1556 798 monde
1598 745 1692 816 qui
1723 745 1961 815 puissent
2001 747 2112 799 eti-e
2138 748 2498 817 comparables
2531 768 2644 804 aux

498 856 522 880 ι
544 829 683 881 siens
712 845 781 879 en
810 838 944 880 cette
972 825 1160 896 partie.
1188 851 1211 872 ι
2657 837 2662 846 ·

568 908 655 961 Sic
694 919 1033 978 posterorum
1071 904 1274 975 judicio
1312 904 1700 958 confirmantur
1737 905 1840 958 illae
1872 905 2156 958 Csesariani
2185 907 2309 978 styli
2343 907 2635 962 notissimo

487 987 849 1052 laudationes,
880 1004 997 1056 quae
1027 985 1219 1056 passim
1244 998 1533 1037 occurrunt
1574 985 1630 1035 in
1657 985 1925 1054 principio
1948 986 2109 1056 hujus
2134 987 2454 1052 voluminis,
2496 1007 2638 1058 prae-

490 1069 670 1123 sertim
697 1086 816 1138 pag.
846 1084 877 1134 9
895 1103 911 1130 ,
938 1084 960 1118 1
977 1085 1005 1117 2
1023 1102 1040 1129 ,
1067 1083 1165 1133 19,
1191 1065 1261 1133 37
1281 1103 1298 1129 ,
1329 1077 1383 1116 et
1416 1083 1439 1116 1
1458 1083 1477 1116 1
1492 1084 1524 1133 7
1548 1081 1564 1117 :
1587 1083 1765 1135 neque
1793 1083 1891 1117 nos
1915 1078 2095 1118 movet
2114 1101 2129 1128 ,
2161 1065 2308 1137 quod
2328 1065 2466 1119 liber
2488 1067 2580 1119 ille
2593 1065 2636 1132 ²,

490 1149 583 1222 qui
612 1145 958 1219 professorias
990 1157 1165 1216 partes
1210 1145 1267 1196 in
1307 1142 1611 1214 judicandis
1641 1156 1755 1196 tum
1798 1157 2040 1197 veterum
2061 1183 2078 1210 ,
2109 1156 2224 1197 tum
2270 1147 2635 1200 recentiorum

450 1279 455 1282 .
490 1226 701 1299 scriptis
730 1223 876 1296 apud
899 1244 997 1277 nos
1027 1225 1331 1277 solemniter
1357 1224 1672 1294 assumpsit,
1689 1223 1816 1276 dum
1844 1225 2036 1277 latinos
2057 1225 2340 1278 historicos
2364 1240 2634 1292 recenset,

488 1308 557 1361 de
596 1308 630 1359 J
636 1307 748 1358 ulio
794 1307 997 1358 Caesare
1040 1304 1278 1370 siluerit;
1323 1305 1483 1375 hujus
1522 1302 1850 1357 incredibilis
1893 1305 2086 1359 silentii
2130 1305 2383 1377 injuriam
2425 1308 2634 1360 eximiis

488 1389 643 1441 istius
671 1387 799 1438 libri
818 1383 1064 1437 laudibus
1102 1383 1411 1438 condonare
1445 1403 1653 1455 nequeo
1679 1423 1696 1448 ,
1724 1385 1964 1456 quamvis
1995 1385 2135 1438 inter
2167 1386 2266 1438 alia
2303 1387 2440 1439 bene
2463 1388 2635 1440 multa

490 1466 559 1521 de
588 1467 777 1519 Tacito
798 1465 1067 1536 scripserit
1092 1483 1105 1517 :
1138 1491 1159 1511 ι
1182 1466 1275 1516 Les
1294 1476 1460 1532 tyr-ans
1491 1477 1603 1515 sont
1619 1468 1793 1534 punis,
1839 1465 2007 1534 quand
2025 1465 2066 1516 e'l
2090 1465 2157 1515 les
2171 1469 2323 1535 peine.
2360 1492 2381 1512 ι

570 1546 711 1599 Mihi
729 1545 891 1597 satius
916 1557 995 1597 est
1019 1544 1109 1597 hic
1130 1545 1331 1596 referre
1358 1543 1601 1616 quaedam
1623 1557 1866 1616 excerpta
1897 1563 1961 1597 ex
1979 1545 2242 1616 epistolis,
2263 1565 2392 1616 quas
2408 1545 2475 1599 ad
2495 1546 2632 1599 ami·

490 1647 582 1683 cos
606 1626 851 1678 mittebat
866 1625 1005 1677 inter
1025 1624 1183 1696 hujus
1206 1625 1372 1678 aetatis
1392 1625 1676 1678 historicos
1700 1615 2078 1678 clarissimus³:
2094 1652 2124 1695 ,ιι
2133 1626 2167 1677 J
2169 1644 2198 1677 e
2215 1644 2334 1679 sens
2346 1645 2451 1698 que
2469 1627 2632 1682 Cesar

498 1735 522 1758 ι
543 1725 631 1760 me
656 1703 792 1759 rend
810 1703 1027 1757 infidele
1046 1709 1073 1756 a
1092 1705 1277 1758 Tacite
1300 1724 1313 1758 ε
1334 1705 1371 1756 il
1392 1718 1470 1758 est
1486 1705 1795 1776 impossible
1816 1703 2038 1758 d’ecrire
2055 1724 2181 1758 avec
2195 1707 2314 1777 plus
2336 1705 2636 1778 d’elegance

497 1815 521 1838 α
544 1799 599 1840 et
620 1784 689 1838 de
718 1787 906 1857 purete
934 1802 947 1837 :
980 1785 1019 1837 il
1051 1804 1080 1836 a
1108 1785 1159 1837 la
1181 1785 1437 1838 veritable
1464 1785 1730 1857 precision
1746 1824 1762 1849 ,
1788 1786 1918 1838 celle
1947 1786 2038 1857 qui
2068 1787 2294 1839 consiste
2314 1792 2340 1838 ὲ
2363 1785 2481 1840 dire
2511 1799 2634 1840 tout

495 1894 519 1917 α
542 1882 603 1920 ce
623 1865 718 1938 qui
742 1878 821 1918 est
845 1864 1164 1928 necessaire,
1187 1877 1242 1918 et
1266 1883 1359 1936 pas
1385 1883 1461 1917 un
1484 1877 1602 1918 mot
1625 1863 1693 1917 de
1723 1864 1875 1936 plus:
1895 1866 1935 1918 il
1960 1866 2093 1919 ecrit
2116 1885 2184 1918 en
2201 1867 2420 1920 homme
2435 1866 2627 1928 d’etat,

495 1975 519 1998 α
538 1949 782 2019 toujours
815 1964 934 1998 sans
972 1944 1203 2018 passion.
1245 1945 1429 1998 Tacite
1474 1957 1553 1997 est
1582 1945 1938 2016 philosophe,
1976 1958 2224 2013 orateur,
2269 1948 2373 2000 ami
2405 1948 2518 2000 zele
2559 1946 2630 1999 de

494 2055 517 2076 «
537 2025 877 2091 l'humanit63
901 2037 955 2078 et
984 2028 1013 2076 'a
1038 2037 1157 2077 tous
1183 2043 1269 2077 ces
1304 2025 1454 2077 titres
1486 2025 1524 2076 il
1551 2044 1605 2077 se
1635 2025 1919 2095 passionne
1952 2026 2308 2097 quelquefois3
2333 2028 2374 2079 si
2405 2029 2458 2099 je
2485 2035 2628 2080 m’en

492 2134 517 2157 ι
536 2107 606 2160 fie
634 2107 1000 2176 aveuglement
1028 2108 1059 2156 ὲ
1089 2104 1203 2169 lui,
1234 2105 1273 2156 il
1304 2116 1435 2176 peut
1473 2123 1561 2156 me
1607 2123 1792 2158 mener
1830 2119 1956 2178 trop
1994 2106 2105 2159 loin
2139 2125 2154 2159 t
2187 2125 2314 2160 avec
2354 2107 2546 2172 Cesar,
2573 2108 2628 2178 je

494 2215 518 2238 ι
539 2205 609 2241 ne
641 2205 798 2239 cours
819 2185 1004 2256 jamais
1034 2202 1095 2236 ce
1120 2185 1298 2254 risque
1302 2223 2628 2242 .......................

573 2293 596 2314 «
620 2269 743 2319 Une
769 2266 1013 2336 elegance
1033 2260 1326 2317 admirable
1341 2285 1357 2330 ;
1384 2264 1435 2317 le
1457 2264 1567 2317 don
1591 2265 1632 2317 si
1661 2284 1808 2330 rare,
1845 2283 1957 2318 non
1993 2267 2285 2321 seulement
2307 2267 2375 2320 de
2409 2285 2479 2320 ne
2508 2268 2626 2320 rien

491 2376 514 2398 ι
539 2346 656 2400 dire
682 2345 750 2398 de
771 2358 925 2415 trop,
948 2362 1008 2397 ce
1040 2345 1133 2415 qui
1167 2342 1298 2397 n'est
1322 2362 1417 2415 pas
1435 2345 1481 2398 si
1512 2344 1691 2408 facile,
1713 2344 1845 2398 mais
1872 2365 1940 2398 en
1969 2348 2141 2398 meme
2163 2360 2296 2400 tems
2326 2346 2394 2401 de
2415 2367 2486 2399 ne
2507 2347 2626 2400 rien

489 2455 513 2478 n
535 2438 763 2480 omettre
780 2423 1078 2478 d’essentiel
1098 2463 1113 2489 ,
1145 2444 1251 2477 une
1276 2425 1555 2478 harmonie
1584 2428 1825 2497 toujours
1849 2427 2167 2498 appropriee
2199 2433 2228 2480 a
2250 2428 2303 2480 la
2325 2427 2528 2499 gravite
2557 2425 2632 2478 de

488 2535 511 2557 ιι
532 2526 630 2560 son
661 2508 829 2576 sujet;
862 2517 916 2557 et
940 2501 1249 2575 par-dessus
1280 2517 1425 2569 tout,
1460 2523 1568 2557 une
1598 2499 1888 2559 &tonnante
1923 2507 2110 2577 egalite
2142 2506 2210 2560 de
2238 2509 2404 2580 style,
2437 2520 2492 2562 et
2519 2525 2626 2559 une

484 2615 509 2636 ι
528 2605 739 2640 mesure
763 2587 1005 2656 toujours
1026 2585 1251 2656 parfaite
1277 2603 1291 2638 ε
1317 2598 1491 2638 toutes
1512 2604 1599 2638 ces
1619 2586 1845 2658 qualites
1869 2586 2133 2656 justitient
2149 2593 2180 2640 a
2199 2607 2310 2641 mes
2335 2607 2478 2660 yeux
2496 2586 2623 2640 l’ex-

485 2693 509 2716 ι
526 2667 770 2739 pression
801 2664 869 2718 de
892 2666 1075 2718 Tacite
1106 2684 1119 2718 τ
1148 2664 1386 2740 ὃωῃιω
1412 2684 1713 2720 Λυσι-οπως
1743 2684 1910 2719 mvus
1939 2667 2158 2720 Juuus.
2193 2709 2208 2722 .
2245 2708 2258 2721 .
2305 2708 2318 2721 .
2364 2708 2378 2721 .
2425 2709 2439 2722 .
2485 2707 2498 2720 .
2543 2708 2558 2720 .
2602 2707 2618 2720 .

556 2773 581 2795 «ι
603 2747 711 2800 Son
743 2745 982 2798 discours
1020 2745 1156 2798 n’est
1189 2744 1388 2817 qu'une
1410 2746 1567 2800 ¹suite
1596 2745 1664 2799 de
1695 2746 1840 2804 faits,
1885 2749 2156 2816 presentes
2192 2767 2315 2801 sous
2340 2749 2391 2801 le
2412 2749 2538 2819 jour
2567 2748 2620 2800 le

482 2855 503 2875 ι
526 2826 647 2899 plus
674 2828 925 2897 frappant
952 2838 1006 2879 et
1032 2826 1084 2880 le
1113 2826 1234 2895 plus
1262 2825 1540 2878 lumineux
1565 2843 1578 2878 :
1609 2844 1705 2878 sou
1738 2827 1874 2897 style
1903 2839 1982 2879 est
2006 2825 2214 2897 l'image
2233 2827 2304 2881 de
2328 2847 2426 2880 son
2453 2845 2627 2881 carac-

481 2932 507 2956 ι
529 2912 671 2969 tere3
703 2905 875 2958 tandis
895 2904 1025 2976 qu’il
1046 2906 1359 2958 renfermait
1387 2924 1453 2958 au
1468 2933 1492 2947 -
1507 2903 1710 2958 dedans
1734 2907 1810 2959 les
1828 2906 2066 2976 passions
2089 2907 2165 2959 les
2187 2909 2309 2979 plus
2329 2908 2590 2961 'violentes
2603 2945 2624 2970 ‚

481 3013 506 3035 «ι
528 2991 559 3039 a
574 2986 879 3038 l’exterieur
902 2985 943 3036 il
964 2986 1209 3038 semblait
1225 3025 1240 3051 ‚
1268 3004 1475 3038 comme
1496 2985 1573 3038 les
1612 2986 1816 3046 Dieux‚
1853 2987 2000 3039 cleve
2031 2985 2326 3042 au-dessus
2357 2985 2424 3040 de
2450 3000 2624 3041 toutes

483 3093 506 3114 ι
528 3067 605 3118 les
623 3066 889 3137 passions3
928 3076 981 3118 et
1006 3064 1123 3117 rien
1150 3084 1219 3116 ne
1244 3065 1520 3136 paraissait
1549 3084 1690 3118 assez
1711 3064 1881 3136 grand
1907 3085 2050 3137 pour
2075 3085 2179 3138 que
2205 3066 2360 3120 l’ame
2374 3066 2443 3120 de
2463 3069 2627 3122 Cesar

480 3171 506 3195 ι
527 3146 628 3218 put
650 3145 760 3198 s’en
780 3145 960 3198 laisser
984 3146 1279 3198 emouvoir.
1304 3171 1327 3192 ι

552 3227 638 3278 Ita
668 3223 737 3277 de
766 3221 1001 3277 Condaeo
1032 3244 1223 3296 magno
1254 3225 1396 3278 inter
1422 3223 1668 3278 ardentes
1703 3226 2012 3297 praeliorum
2045 3225 2382 3281 aestuantium
2414 3228 2622 3280 furores

472 3306 763 3377 tranquillo
789 3318 841 3358 et
862 3323 1051 3358 sereno
1080 3304 1390 3376 praedicavit
1429 3305 1673 3358 sublimis
1699 3306 1792 3359 ille
1813 3307 2102 3360 Meldensis
2129 3320 2309 3361 orator
2334 3320 2390 3360 et
2418 3307 2622 3379 episco-

472 3405 606 3457 pus,
632 3405 793 3457 quem
815 3387 927 3456 jam
955 3385 1013 3436 in
1046 3386 1409 3439 testimonium
1438 3383 1787 3450 adduximus,
1818 3387 1925 3441 vol.
1953 3389 2008 3440 11
2024 3426 2041 3453 ,
2073 3407 2192 3459 pag.
2229 3407 2254 3441 1
2271 3394 2338 3450 14
2360 3407 2374 3439 =
2399 3388 2474 3440 ita
2500 3402 2646 3460 ante·

469 3466 591 3519 illos
621 3467 868 3518 Lucanus
898 3463 967 3519 de
996 3466 1138 3518 anti·
1151 3467 1356 3519 Caesare
1390 3484 1485 3518 suo
1519 3465 1762 3519 Uticensi
1790 3467 2054 3522 cecinerat
2067 3505 2084 3535 ,
2110 3469 2168 3520 in
2193 3468 2438 3521 oratione
2467 3468 2624 3521 Bruti

472 3545 541 3598 ad
569 3545 828 3600 Catonem
847 3585 871 3614 ‚.
888 3545 1122 3600 Pharsal.
1155 3546 1249 3598 lib.
1277 3547 1362 3613 11,
1393 3563 1499 3616 271
1536 3562 1550 3597 ε
1591 3555 1598 3561 “

716 3668 886 3712 Pacem
909 3682 1090 3713 summa
1110 3676 1298 3721 teuent3
1318 3667 1469 3713 nubes
1489 3666 1674 3714 excedit
1697 3669 1944 3731 Olympus.

532 3899 578 3930 a.
612 3885 853 3930 Lumina
868 3917 882 3936 ‚
909 3884 1049 3928 Cours
1066 3882 1125 3926 de
1140 3881 1413 3928 Liuii-amre
1430 3885 1660 3930 ancienne
1679 3895 1728 3930 et
1741 3885 1972 3933 modeme.

526 3947 572 3992 3.
610 3947 780 3990 Lecti-es
796 3945 1002 3991 delun
1022 3944 1079 3989 de
1098 3945 1316 3993 Munus
1332 3979 1345 4002 ‚
1368 3942 1399 3990 ὰ
1426 3961 1499 3992 ses
1517 3948 1666 4000 amis,
1699 3946 1762 3993 de
1793 3951 2123 4000 Bous-rtrum
2143 3961 2190 3998 et
2216 3953 2404 4000 Gunn.
2435 3951 2622 4006 Psun,

470 4007 619 4064 18113
643 4007 912 4073 ine8⁰,pag.
940 4006 1026 4068 178
1042 4041 1057 4066 ,
1078 4007 1184 4063 184.

1248 4185 1826 4216 ...W
