<?xml version="1.0" encoding="UTF-8"?>
<!DOCTYPE html PUBLIC "-//W3C//DTD XHTML 1.0 Transitional//EN"
    "http://www.w3.org/TR/xhtml1/DTD/xhtml1-transitional.dtd">
<html xmlns="http://www.w3.org/1999/xhtml" xml:lang="en" lang="en">
 <head>
  <title>
</title>
<meta http-equiv="Content-Type" content="text/html;charset=utf-8" />
  <meta name='ocr-system' content='tesseract 3.04.00' />
  <meta name='ocr-capabilities' content='ocr_page ocr_carea ocr_par ocr_line ocrx_word'/>
</head>
<body>
  <div class='ocr_page' id='page_1' title='image "./caiusjuliuscsar01unkngoog/caiusjuliuscsar01unkngoog_0363.png"; bbox 0 0 3017 5042; ppageno 0'>
   <div class='ocr_carea' id='block_1_1' title="bbox 608 405 2771 4144">
    <p class='ocr_par' dir='ltr' id='par_1_1' title="bbox 629 405 1940 493">
     <span class='ocr_line' id='line_1_1' title="bbox 629 405 1940 493; baseline -0.002 -15"><span class='ocrx_word' id='word_1_1' title='bbox 629 407 779 493; x_wconf 77' lang='lat'><strong>354</strong></span> <span class='ocrx_word' id='word_1_2' title='bbox 1508 409 1702 477; x_wconf 89' lang='lat' dir='ltr'><strong>IND</strong></span> <span class='ocrx_word' id='word_1_3' title='bbox 1718 409 1774 474; x_wconf 91' lang='lat' dir='ltr'>E</span> <span class='ocrx_word' id='word_1_4' title='bbox 1792 405 1859 476; x_wconf 88' lang='lat' dir='ltr'><strong>X</strong></span> <span class='ocrx_word' id='word_1_5' title='bbox 1934 407 1940 414; x_wconf 72' lang='grc'><strong><em>’</em></strong></span> 
     </span>
    </p>

    <p class='ocr_par' dir='ltr' id='par_1_2' title="bbox 610 538 2771 2875">
     <span class='ocr_line' id='line_1_2' title="bbox 618 538 2760 636; baseline 0.003 -26"><span class='ocrx_word' id='word_1_6' title='bbox 618 544 686 611; x_wconf 91' lang='lat' dir='ltr'><strong>in</strong></span> <span class='ocrx_word' id='word_1_7' title='bbox 726 541 857 610; x_wconf 91' lang='lat' dir='ltr'><strong>hoc</strong></span> <span class='ocrx_word' id='word_1_8' title='bbox 901 540 1051 609; x_wconf 91' lang='lat' dir='ltr'><strong>loco</strong></span> <span class='ocrx_word' id='word_1_9' title='bbox 1087 539 1249 608; x_wconf 91' lang='lat' dir='ltr'><strong>mihi</strong></span> <span class='ocrx_word' id='word_1_10' title='bbox 1294 563 1516 608; x_wconf 88' lang='lat' dir='ltr'><strong>errare</strong></span> <span class='ocrx_word' id='word_1_11' title='bbox 1557 539 1823 608; x_wconf 85' lang='lat' dir='ltr'><strong>videtur</strong></span> <span class='ocrx_word' id='word_1_12' title='bbox 1865 538 2350 611; x_wconf 87' lang='lat' dir='ltr'><strong>eruditissimus</strong></span> <span class='ocrx_word' id='word_1_13' title='bbox 2385 542 2760 636; x_wconf 74' lang='lat' dir='ltr'><strong>d&#39;Anville,</strong></span> 
     </span>
     <span class='ocr_line' id='line_1_3' title="bbox 619 638 2764 742; baseline 0.002 -25"><span class='ocrx_word' id='word_1_14' title='bbox 619 671 828 742; x_wconf 90' lang='lat' dir='ltr'><strong>quum</strong></span> <span class='ocrx_word' id='word_1_15' title='bbox 879 649 972 715; x_wconf 85' lang='lat' dir='ltr'><strong>ait</strong></span> <span class='ocrx_word' id='word_1_16' title='bbox 1009 639 1091 714; x_wconf 92' lang='lat' dir='ltr'><strong>de</strong></span> <span class='ocrx_word' id='word_1_17' title='bbox 1140 645 1473 740; x_wconf 90' lang='lat' dir='ltr'><strong>Lugduno</strong></span> <span class='ocrx_word' id='word_1_18' title='bbox 1502 671 1516 713; x_wconf 93' lang='lat'>:</span> <span class='ocrx_word' id='word_1_19' title='bbox 1559 651 1756 715; x_wconf 61' lang='lat' dir='ltr'><strong>matis·-</strong></span> <span class='ocrx_word' id='word_1_20' title='bbox 1774 638 2018 715; x_wconf 79' lang='lat' dir='ltr'><strong>c&#39;e&#39;taz&#39;t</strong></span> <span class='ocrx_word' id='word_1_21' title='bbox 2051 671 2184 716; x_wconf 83' lang='lat' dir='ltr'><strong>une</strong></span> <span class='ocrx_word' id='word_1_22' title='bbox 2221 649 2390 718; x_wconf 81' lang='lat' dir='ltr'><strong>ville</strong></span> <span class='ocrx_word' id='word_1_23' title='bbox 2419 658 2728 723; x_wconf 82' lang='lat' dir='ltr'><strong>romaine</strong></span> <span class='ocrx_word' id='word_1_24' title='bbox 2741 680 2764 740; x_wconf 80' lang='lat'><strong>,-</strong></span> 
     </span>
     <span class='ocr_line' id='line_1_4' title="bbox 617 750 2766 850; baseline 0.002 -26"><span class='ocrx_word' id='word_1_25' title='bbox 617 758 753 824; x_wconf 92' lang='lat' dir='ltr'><strong>Dio</strong></span> <span class='ocrx_word' id='word_1_26' title='bbox 786 753 1014 824; x_wconf 88' lang='lat' dir='ltr'><strong>scribit</strong></span> <span class='ocrx_word' id='word_1_27' title='bbox 1034 805 1053 840; x_wconf 92' lang='lat'><strong>,</strong></span> <span class='ocrx_word' id='word_1_28' title='bbox 1089 750 1199 820; x_wconf 91' lang='lat' dir='ltr'><strong>lib.</strong></span> <span class='ocrx_word' id='word_1_29' title='bbox 1238 776 1399 839; x_wconf 73' lang='grc' dir='ltr'><strong>ΧΠ,</strong></span> <span class='ocrx_word' id='word_1_30' title='bbox 1428 755 1505 821; x_wconf 92' lang='lat' dir='ltr'><strong>L.</strong></span> <span class='ocrx_word' id='word_1_31' title='bbox 1540 754 1923 822; x_wconf 86' lang='lat' dir='ltr'><strong>Munatium</strong></span> <span class='ocrx_word' id='word_1_32' title='bbox 1961 750 2283 824; x_wconf 82' lang='lat' dir='ltr'>Plancum</span> <span class='ocrx_word' id='word_1_33' title='bbox 2304 809 2324 843; x_wconf 88' lang='lat'>‚</span> <span class='ocrx_word' id='word_1_34' title='bbox 2354 757 2545 850; x_wconf 85' lang='lat' dir='ltr'><strong>jussu</strong></span> <span class='ocrx_word' id='word_1_35' title='bbox 2585 783 2766 828; x_wconf 87' lang='lat' dir='ltr'><strong>sena·</strong></span> 
     </span>
     <span class='ocr_line' id='line_1_5' title="bbox 616 859 2768 958; baseline 0.002 -28"><span class='ocrx_word' id='word_1_36' title='bbox 616 877 724 931; x_wconf 89' lang='lat' dir='ltr'><strong>tus</strong></span> <span class='ocrx_word' id='word_1_37' title='bbox 761 860 1116 929; x_wconf 89' lang='lat' dir='ltr'><strong>metuentis</strong></span> <span class='ocrx_word' id='word_1_38' title='bbox 1155 882 1239 926; x_wconf 92' lang='lat' dir='ltr'><strong>ne</strong></span> <span class='ocrx_word' id='word_1_39' title='bbox 1284 883 1353 926; x_wconf 92' lang='lat' dir='ltr'><strong>se</strong></span> <span class='ocrx_word' id='word_1_40' title='bbox 1391 859 1684 928; x_wconf 90' lang='lat' dir='ltr'><strong>Antonio</strong></span> <span class='ocrx_word' id='word_1_41' title='bbox 1731 859 1910 928; x_wconf 89' lang='lat' dir='ltr'><strong>hosti</strong></span> <span class='ocrx_word' id='word_1_42' title='bbox 1950 859 2252 952; x_wconf 85' lang='lat' dir='ltr'><strong>judicato</strong></span> <span class='ocrx_word' id='word_1_43' title='bbox 2295 862 2768 958; x_wconf 85' lang='lat' dir='ltr'><strong>conjungeret,</strong></span> 
     </span>
     <span class='ocr_line' id='line_1_6' title="bbox 614 963 2771 1066; baseline 0.001 -29"><span class='ocrx_word' id='word_1_44' title='bbox 614 971 1029 1037; x_wconf 85' lang='lat' dir='ltr'>Viennenses</span> <span class='ocrx_word' id='word_1_45' title='bbox 1064 964 1149 1034; x_wconf 91' lang='lat' dir='ltr'><strong>ab</strong></span> <span class='ocrx_word' id='word_1_46' title='bbox 1186 963 1656 1062; x_wconf 67' lang='lat' dir='ltr'>Allobrogibus</span> <span class='ocrx_word' id='word_1_47' title='bbox 1695 963 2010 1060; x_wconf 88' lang='lat' dir='ltr'><strong>expulsos</strong></span> <span class='ocrx_word' id='word_1_48' title='bbox 2039 991 2118 1036; x_wconf 87' lang='lat' dir='ltr'><strong>ac</strong></span> <span class='ocrx_word' id='word_1_49' title='bbox 2147 968 2471 1064; x_wconf 90' lang='lat' dir='ltr'><strong>profugos</strong></span> <span class='ocrx_word' id='word_1_50' title='bbox 2501 973 2771 1066; x_wconf 86' lang='lat' dir='ltr'><strong>Lugdu-</strong></span> 
     </span>
     <span class='ocr_line' id='line_1_7' title="bbox 612 1070 2771 1168; baseline 0.003 -26"><span class='ocrx_word' id='word_1_51' title='bbox 612 1099 777 1142; x_wconf 89' lang='lat' dir='ltr'><strong>num</strong></span> <span class='ocrx_word' id='word_1_52' title='bbox 811 1073 1179 1142; x_wconf 86' lang='lat' dir='ltr'><strong>deduxisse.</strong></span> <span class='ocrx_word' id='word_1_53' title='bbox 1208 1074 1419 1140; x_wconf 90' lang='lat' dir='ltr'><strong>Porro</strong></span> <span class='ocrx_word' id='word_1_54' title='bbox 1459 1096 1666 1164; x_wconf 90' lang='lat' dir='ltr'><strong>quum</strong></span> <span class='ocrx_word' id='word_1_55' title='bbox 1700 1070 1990 1142; x_wconf 87' lang='lat' dir='ltr'><strong>Romani</strong></span> <span class='ocrx_word' id='word_1_56' title='bbox 2025 1071 2313 1168; x_wconf 81' lang='lat' dir='ltr'><strong>aliquam</strong></span> <span class='ocrx_word' id='word_1_57' title='bbox 2349 1077 2588 1146; x_wconf 89' lang='lat' dir='ltr'><strong>urbem</strong></span> <span class='ocrx_word' id='word_1_58' title='bbox 2623 1103 2771 1148; x_wconf 89' lang='lat' dir='ltr'><strong>con-</strong></span> 
     </span>
     <span class='ocr_line' id='line_1_8' title="bbox 612 1176 2769 1277; baseline 0.001 -26"><span class='ocrx_word' id='word_1_59' title='bbox 612 1182 868 1268; x_wconf 77' lang='lat' dir='ltr'><strong>derent,</strong></span> <span class='ocrx_word' id='word_1_60' title='bbox 890 1178 1305 1249; x_wconf 80' lang='lat' dir='ltr'><strong>coloniamve</strong></span> <span class='ocrx_word' id='word_1_61' title='bbox 1329 1177 1738 1246; x_wconf 88' lang='lat' dir='ltr'>deducerent</span> <span class='ocrx_word' id='word_1_62' title='bbox 1763 1180 1831 1246; x_wconf 92' lang='lat' dir='ltr'><strong>in</strong></span> <span class='ocrx_word' id='word_1_63' title='bbox 1854 1176 2075 1247; x_wconf 91' lang='lat' dir='ltr'><strong>locum</strong></span> <span class='ocrx_word' id='word_1_64' title='bbox 2105 1203 2420 1271; x_wconf 86' lang='lat' dir='ltr'><strong>vacuum‚</strong></span> <span class='ocrx_word' id='word_1_65' title='bbox 2432 1184 2554 1277; x_wconf 91' lang='lat' dir='ltr'><strong>ipsi</strong></span> <span class='ocrx_word' id='word_1_66' title='bbox 2581 1209 2769 1256; x_wconf 84' lang='lat' dir='ltr'><strong>novae</strong></span> 
     </span>
     <span class='ocr_line' id='line_1_9' title="bbox 610 1282 2770 1380; baseline 0.002 -24"><span class='ocrx_word' id='word_1_67' title='bbox 610 1289 763 1356; x_wconf 91' lang='lat' dir='ltr'><strong>urbi</strong></span> <span class='ocrx_word' id='word_1_68' title='bbox 797 1311 1046 1356; x_wconf 90' lang='lat' dir='ltr'><strong>nomen</strong></span> <span class='ocrx_word' id='word_1_69' title='bbox 1079 1282 1359 1353; x_wconf 86' lang='lat' dir='ltr'><strong>latinum</strong></span> <span class='ocrx_word' id='word_1_70' title='bbox 1398 1285 1878 1378; x_wconf 81' lang='lat' dir='ltr'><strong>imponebant3</strong></span> <span class='ocrx_word' id='word_1_71' title='bbox 1917 1310 2092 1380; x_wconf 83' lang='lat' dir='ltr'><strong>saepe</strong></span> <span class='ocrx_word' id='word_1_72' title='bbox 2127 1289 2330 1356; x_wconf 86' lang='lat' dir='ltr'><strong>etiam</strong></span> <span class='ocrx_word' id='word_1_73' title='bbox 2359 1291 2638 1358; x_wconf 89' lang='lat' dir='ltr'><strong>nomina</strong></span> <span class='ocrx_word' id='word_1_74' title='bbox 2671 1317 2770 1360; x_wconf 81' lang='lat' dir='ltr'><strong>ve-</strong></span> 
     </span>
     <span class='ocr_line' id='line_1_10' title="bbox 611 1390 2766 1488; baseline 0.001 -24"><span class='ocrx_word' id='word_1_75' title='bbox 611 1410 753 1464; x_wconf 87' lang='lat' dir='ltr'><strong>tera</strong></span> <span class='ocrx_word' id='word_1_76' title='bbox 790 1393 1159 1462; x_wconf 86' lang='lat' dir='ltr'><strong>mutabant.</strong></span> <span class='ocrx_word' id='word_1_77' title='bbox 1206 1390 1521 1488; x_wconf 82' lang='lat' dir='ltr'><strong>Lugduni</strong></span> <span class='ocrx_word' id='word_1_78' title='bbox 1560 1404 1782 1459; x_wconf 90' lang='lat' dir='ltr'><strong>autem</strong></span> <span class='ocrx_word' id='word_1_79' title='bbox 1831 1416 2076 1461; x_wconf 91' lang='lat' dir='ltr'><strong>nomen</strong></span> <span class='ocrx_word' id='word_1_80' title='bbox 2117 1408 2218 1461; x_wconf 91' lang='lat' dir='ltr'><strong>est</strong></span> <span class='ocrx_word' id='word_1_81' title='bbox 2261 1396 2536 1464; x_wconf 91' lang='lat' dir='ltr'><strong>omnino</strong></span> <span class='ocrx_word' id='word_1_82' title='bbox 2587 1397 2766 1467; x_wconf 90' lang='lat' dir='ltr'><strong>celti-</strong></span> 
     </span>
     <span class='ocr_line' id='line_1_11' title="bbox 612 1496 2767 1588; baseline 0 -16"><span class='ocrx_word' id='word_1_83' title='bbox 612 1527 800 1588; x_wconf 82' lang='lat' dir='ltr'><strong>cum,</strong></span> <span class='ocrx_word' id='word_1_84' title='bbox 832 1514 899 1568; x_wconf 91' lang='lat' dir='ltr'><strong>et</strong></span> <span class='ocrx_word' id='word_1_85' title='bbox 934 1498 1182 1567; x_wconf 87' lang='lat' dir='ltr'><strong>indicat</strong></span> <span class='ocrx_word' id='word_1_86' title='bbox 1210 1522 1347 1565; x_wconf 91' lang='lat' dir='ltr'><strong>non</strong></span> <span class='ocrx_word' id='word_1_87' title='bbox 1376 1496 1599 1565; x_wconf 91' lang='lat' dir='ltr'><strong>locum</strong></span> <span class='ocrx_word' id='word_1_88' title='bbox 1637 1521 1964 1585; x_wconf 82' lang='lat' dir='ltr'><strong>vacuum,</strong></span> <span class='ocrx_word' id='word_1_89' title='bbox 2001 1498 2114 1566; x_wconf 92' lang='lat' dir='ltr'><strong>sed</strong></span> <span class='ocrx_word' id='word_1_90' title='bbox 2151 1502 2387 1570; x_wconf 83' lang='lat' dir='ltr'><strong>urbem</strong></span> <span class='ocrx_word' id='word_1_91' title='bbox 2429 1504 2500 1571; x_wconf 91' lang='lat' dir='ltr'><strong>in</strong></span> <span class='ocrx_word' id='word_1_92' title='bbox 2527 1520 2767 1574; x_wconf 87' lang='lat' dir='ltr'><strong>-monte</strong></span> 
     </span>
     <span class='ocr_line' id='line_1_12' title="bbox 613 1602 2767 1699; baseline 0.003 -23"><span class='ocrx_word' id='word_1_93' title='bbox 613 1611 804 1676; x_wconf 88' lang='lat' dir='ltr'><strong>sitam</strong></span> <span class='ocrx_word' id='word_1_94' title='bbox 827 1661 846 1693; x_wconf 88' lang='lat'>‚</span> <span class='ocrx_word' id='word_1_95' title='bbox 893 1606 1084 1674; x_wconf 87' lang='lat' dir='ltr'><strong>sicuti</strong></span> <span class='ocrx_word' id='word_1_96' title='bbox 1135 1605 1568 1698; x_wconf 84' lang='lat' dir='ltr'><strong>cognomines</strong></span> <span class='ocrx_word' id='word_1_97' title='bbox 1625 1602 1826 1672; x_wconf 88' lang='lat' dir='ltr'><strong>urbes</strong></span> <span class='ocrx_word' id='word_1_98' title='bbox 1879 1605 2287 1699; x_wconf 75' lang='lat' dir='ltr'><strong>Lugdunum</strong></span> <span class='ocrx_word' id='word_1_99' title='bbox 2345 1612 2767 1682; x_wconf 74' lang='lat' dir='ltr'><strong>Batavorum</strong></span> 
     </span>
     <span class='ocr_line' id='line_1_13' title="bbox 610 1706 2766 1808; baseline 0.001 -24"><span class='ocrx_word' id='word_1_100' title='bbox 610 1707 902 1804; x_wconf 75' lang='lat' dir='ltr'><strong>(Leyde)</strong></span> <span class='ocrx_word' id='word_1_101' title='bbox 928 1726 997 1780; x_wconf 90' lang='lat' dir='ltr'><strong>et</strong></span> <span class='ocrx_word' id='word_1_102' title='bbox 1023 1712 1427 1806; x_wconf 80' lang='lat' dir='ltr'><strong>Lugdunum</strong></span> <span class='ocrx_word' id='word_1_103' title='bbox 1468 1711 1826 1780; x_wconf 77' lang='lat' dir='ltr'><strong>Clavatum</strong></span> <span class='ocrx_word' id='word_1_104' title='bbox 1857 1706 2156 1797; x_wconf 64' lang='lat' dir='ltr'><strong>(Lacon).-</strong></span> <span class='ocrx_word' id='word_1_105' title='bbox 2193 1715 2514 1808; x_wconf 83' lang='lat' dir='ltr'><strong>praeterea</strong></span> <span class='ocrx_word' id='word_1_106' title='bbox 2547 1717 2766 1788; x_wconf 89' lang='lat' dir='ltr'><strong>inscri-</strong></span> 
     </span>
     <span class='ocr_line' id='line_1_14' title="bbox 613 1817 2762 1918; baseline 0.001 -29"><span class='ocrx_word' id='word_1_107' title='bbox 613 1823 755 1918; x_wconf 90' lang='lat' dir='ltr'><strong>ptio</strong></span> <span class='ocrx_word' id='word_1_108' title='bbox 793 1819 932 1889; x_wconf 89' lang='lat' dir='ltr'><strong>fere</strong></span> <span class='ocrx_word' id='word_1_109' title='bbox 970 1818 1279 1886; x_wconf 90' lang='lat' dir='ltr'><strong>omnibus</strong></span> <span class='ocrx_word' id='word_1_110' title='bbox 1320 1833 1481 1886; x_wconf 88' lang='lat' dir='ltr'><strong>nota</strong></span> <span class='ocrx_word' id='word_1_111' title='bbox 1516 1817 1679 1884; x_wconf 87' lang='lat' dir='ltr'><strong>fert:</strong></span> <span class='ocrx_word' id='word_1_112' title='bbox 1717 1841 1778 1885; x_wconf 84' lang='lat' dir='ltr'><strong>L.</strong></span> <span class='ocrx_word' id='word_1_113' title='bbox 1812 1821 2176 1886; x_wconf 79' lang='lat' dir='ltr'><strong>Munatius</strong></span> <span class='ocrx_word' id='word_1_114' title='bbox 2205 1845 2266 1888; x_wconf 89' lang='lat' dir='ltr'><strong>L.</strong></span> <span class='ocrx_word' id='word_1_115' title='bbox 2301 1845 2366 1890; x_wconf 77' lang='lat' dir='ltr'><strong>P.</strong></span> <span class='ocrx_word' id='word_1_116' title='bbox 2401 1846 2463 1890; x_wconf 83' lang='lat'><strong>1..</strong></span> <span class='ocrx_word' id='word_1_117' title='bbox 2496 1847 2567 1893; x_wconf 76' lang='lat' dir='ltr'><strong>N.</strong></span> <span class='ocrx_word' id='word_1_118' title='bbox 2601 1849 2667 1892; x_wconf 88' lang='lat' dir='ltr'><strong>L.</strong></span> <span class='ocrx_word' id='word_1_119' title='bbox 2704 1849 2762 1894; x_wconf 82' lang='lat' dir='ltr'><strong>P.</strong></span> 
     </span>
     <span class='ocr_line' id='line_1_15' title="bbox 610 1923 2760 2017; baseline 0 -19"><span class='ocrx_word' id='word_1_120' title='bbox 610 1931 922 1998; x_wconf 81' lang='lat' dir='ltr'><strong>Plancus</strong></span> <span class='ocrx_word' id='word_1_121' title='bbox 938 1979 957 2010; x_wconf 91' lang='lat'><strong>,</strong></span> <span class='ocrx_word' id='word_1_122' title='bbox 987 1939 1156 1993; x_wconf 87' lang='lat' dir='ltr'><strong>etc...</strong></span> <span class='ocrx_word' id='word_1_123' title='bbox 1189 1925 1517 1994; x_wconf 81' lang='lat' dir='ltr'><strong>Colonz‘as</strong></span> <span class='ocrx_word' id='word_1_124' title='bbox 1537 1923 1830 1992; x_wconf 79' lang='lat' dir='ltr'><strong>deduxit</strong></span> <span class='ocrx_word' id='word_1_125' title='bbox 1850 1925 2255 2017; x_wconf 84' lang='lat' dir='ltr'><strong>Lugdunum</strong></span> <span class='ocrx_word' id='word_1_126' title='bbox 2277 1943 2348 1994; x_wconf 84' lang='lat' dir='ltr'><strong>et</strong></span> <span class='ocrx_word' id='word_1_127' title='bbox 2370 1931 2760 2000; x_wconf 76' lang='lat' dir='ltr'><strong>Bam-icam.</strong></span> 
     </span>
     <span class='ocr_line' id='line_1_16' title="bbox 612 2028 2762 2126; baseline 0 -22"><span class='ocrx_word' id='word_1_128' title='bbox 612 2037 823 2104; x_wconf 92' lang='lat' dir='ltr'><strong>Porro</strong></span> <span class='ocrx_word' id='word_1_129' title='bbox 853 2031 1032 2100; x_wconf 88' lang='lat' dir='ltr'><strong>aliud</strong></span> <span class='ocrx_word' id='word_1_130' title='bbox 1073 2045 1173 2099; x_wconf 92' lang='lat' dir='ltr'><strong>est</strong></span> <span class='ocrx_word' id='word_1_131' title='bbox 1200 2030 1439 2098; x_wconf 90' lang='lat' dir='ltr'><strong>urbem</strong></span> <span class='ocrx_word' id='word_1_132' title='bbox 1469 2028 1792 2117; x_wconf 86' lang='lat' dir='ltr'><strong>condere,</strong></span> <span class='ocrx_word' id='word_1_133' title='bbox 1821 2028 2000 2098; x_wconf 91' lang='lat' dir='ltr'><strong>aliud</strong></span> <span class='ocrx_word' id='word_1_134' title='bbox 2029 2029 2360 2102; x_wconf 89' lang='lat' dir='ltr'><strong>coloniam</strong></span> <span class='ocrx_word' id='word_1_135' title='bbox 2401 2033 2762 2126; x_wconf 84' lang='lat' dir='ltr'><strong>deducere,</strong></span> 
     </span>
     <span class='ocr_line' id='line_1_17' title="bbox 612 2134 2761 2238; baseline 0.001 -29"><span class='ocrx_word' id='word_1_136' title='bbox 612 2143 682 2209; x_wconf 92' lang='lat' dir='ltr'><strong>in</strong></span> <span class='ocrx_word' id='word_1_137' title='bbox 734 2162 1038 2209; x_wconf 83' lang='lat' dir='ltr'><strong>sermone</strong></span> <span class='ocrx_word' id='word_1_138' title='bbox 1080 2134 1302 2204; x_wconf 87' lang='lat' dir='ltr'><strong>latino.</strong></span> <span class='ocrx_word' id='word_1_139' title='bbox 1341 2135 1543 2204; x_wconf 90' lang='lat' dir='ltr'><strong>Unde</strong></span> <span class='ocrx_word' id='word_1_140' title='bbox 1595 2161 1720 2230; x_wconf 91' lang='lat' dir='ltr'><strong>pro</strong></span> <span class='ocrx_word' id='word_1_141' title='bbox 1773 2150 1958 2205; x_wconf 85' lang='lat' dir='ltr'><strong>certo</strong></span> <span class='ocrx_word' id='word_1_142' title='bbox 2017 2137 2251 2208; x_wconf 87' lang='lat' dir='ltr'><strong>haberi</strong></span> <span class='ocrx_word' id='word_1_143' title='bbox 2299 2156 2521 2233; x_wconf 90' lang='lat' dir='ltr'><strong>posset</strong></span> <span class='ocrx_word' id='word_1_144' title='bbox 2578 2146 2761 2238; x_wconf 89' lang='lat' dir='ltr'><strong>Lug-</strong></span> 
     </span>
     <span class='ocr_line' id='line_1_18' title="bbox 616 2243 2762 2338; baseline 0.001 -23"><span class='ocrx_word' id='word_1_145' title='bbox 616 2247 873 2315; x_wconf 92' lang='lat' dir='ltr'><strong>dunum</strong></span> <span class='ocrx_word' id='word_1_146' title='bbox 910 2244 1233 2321; x_wconf 77' lang='lat' dir='ltr'><strong>exstitisse</strong></span> <span class='ocrx_word' id='word_1_147' title='bbox 1268 2255 1424 2309; x_wconf 86' lang='lat' dir='ltr'><strong>ante</strong></span> <span class='ocrx_word' id='word_1_148' title='bbox 1457 2243 1829 2312; x_wconf 83' lang='lat' dir='ltr'><strong>Caesariana</strong></span> <span class='ocrx_word' id='word_1_149' title='bbox 1869 2257 2204 2338; x_wconf 85' lang='lat' dir='ltr'><strong>tempora,</strong></span> <span class='ocrx_word' id='word_1_150' title='bbox 2232 2262 2300 2314; x_wconf 91' lang='lat' dir='ltr'><strong>et</strong></span> <span class='ocrx_word' id='word_1_151' title='bbox 2325 2246 2524 2316; x_wconf 88' lang='lat' dir='ltr'><strong>fuisse</strong></span> <span class='ocrx_word' id='word_1_152' title='bbox 2558 2274 2762 2318; x_wconf 92' lang='lat' dir='ltr'><strong>unum</strong></span> 
     </span>
     <span class='ocr_line' id='line_1_19' title="bbox 618 2349 2760 2447; baseline 0.001 -24"><span class='ocrx_word' id='word_1_153' title='bbox 618 2379 699 2423; x_wconf 86' lang='lat' dir='ltr'><strong>ex</strong></span> <span class='ocrx_word' id='word_1_154' title='bbox 736 2350 997 2446; x_wconf 89' lang='lat' dir='ltr'><strong>oppidis</strong></span> <span class='ocrx_word' id='word_1_155' title='bbox 1033 2349 1546 2443; x_wconf 88' lang='lat' dir='ltr'><strong>Segusianorum</strong></span> <span class='ocrx_word' id='word_1_156' title='bbox 1565 2401 1585 2435; x_wconf 87' lang='lat'><strong><em>‚</em></strong></span> <span class='ocrx_word' id='word_1_157' title='bbox 1614 2371 1900 2443; x_wconf 82' lang='lat' dir='ltr'><strong>parvum</strong></span> <span class='ocrx_word' id='word_1_158' title='bbox 1922 2349 2110 2418; x_wconf 89' lang='lat' dir='ltr'><strong>licet:</strong></span> <span class='ocrx_word' id='word_1_159' title='bbox 2142 2376 2296 2420; x_wconf 89' lang='lat' dir='ltr'><strong>nam</strong></span> <span class='ocrx_word' id='word_1_160' title='bbox 2328 2353 2618 2447; x_wconf 90' lang='lat' dir='ltr'><strong>populus</strong></span> <span class='ocrx_word' id='word_1_161' title='bbox 2647 2359 2760 2425; x_wconf 86' lang='lat' dir='ltr'><strong>iste</strong></span> 
     </span>
     <span class='ocr_line' id='line_1_20' title="bbox 616 2453 2762 2574; baseline 0.001 -46"><span class='ocrx_word' id='word_1_162' title='bbox 616 2457 887 2528; x_wconf 90' lang='lat' dir='ltr'><strong>humilis</strong></span> <span class='ocrx_word' id='word_1_163' title='bbox 924 2481 1002 2524; x_wconf 89' lang='lat' dir='ltr'><strong>ac</strong></span> <span class='ocrx_word' id='word_1_164' title='bbox 1036 2454 1239 2524; x_wconf 89' lang='lat' dir='ltr'><strong>cliens</strong></span> <span class='ocrx_word' id='word_1_165' title='bbox 1268 2453 1431 2523; x_wconf 89' lang='lat' dir='ltr'><strong>alius</strong></span> <span class='ocrx_word' id='word_1_166' title='bbox 1464 2456 1714 2574; x_wconf 85' lang='lat' dir='ltr'><strong>gentis,</strong></span> <span class='ocrx_word' id='word_1_167' title='bbox 1743 2481 1880 2524; x_wconf 90' lang='lat' dir='ltr'><strong>non</strong></span> <span class='ocrx_word' id='word_1_168' title='bbox 1909 2455 2075 2525; x_wconf 91' lang='lat' dir='ltr'><strong>adeo</strong></span> <span class='ocrx_word' id='word_1_169' title='bbox 2103 2456 2356 2552; x_wconf 89' lang='lat' dir='ltr'><strong>amplas</strong></span> <span class='ocrx_word' id='word_1_170' title='bbox 2383 2459 2635 2531; x_wconf 88' lang='lat' dir='ltr'><strong>habere</strong></span> <span class='ocrx_word' id='word_1_171' title='bbox 2663 2463 2762 2531; x_wconf 90' lang='lat' dir='ltr'><strong>de·</strong></span> 
     </span>
     <span class='ocr_line' id='line_1_21' title="bbox 622 2561 2758 2659; baseline 0.003 -26"><span class='ocrx_word' id='word_1_172' title='bbox 622 2565 769 2634; x_wconf 89' lang='lat' dir='ltr'><strong>buit</strong></span> <span class='ocrx_word' id='word_1_173' title='bbox 794 2589 985 2659; x_wconf 83' lang='lat' dir='ltr'><strong>opes,</strong></span> <span class='ocrx_word' id='word_1_174' title='bbox 1004 2577 1080 2631; x_wconf 88' lang='lat' dir='ltr'><strong>ut</strong></span> <span class='ocrx_word' id='word_1_175' title='bbox 1104 2564 1347 2650; x_wconf 88' lang='lat' dir='ltr'><strong>Caesar,</strong></span> <span class='ocrx_word' id='word_1_176' title='bbox 1366 2563 1479 2655; x_wconf 90' lang='lat' dir='ltr'><strong>qui</strong></span> <span class='ocrx_word' id='word_1_177' title='bbox 1505 2561 1635 2629; x_wconf 90' lang='lat' dir='ltr'><strong>hac</strong></span> <span class='ocrx_word' id='word_1_178' title='bbox 1663 2561 1834 2630; x_wconf 88' lang='lat' dir='ltr'><strong>forte</strong></span> <span class='ocrx_word' id='word_1_179' title='bbox 1859 2587 2198 2656; x_wconf 90' lang='lat' dir='ltr'><strong>nunquam</strong></span> <span class='ocrx_word' id='word_1_180' title='bbox 2226 2568 2352 2632; x_wconf 91' lang='lat' dir='ltr'><strong>iter</strong></span> <span class='ocrx_word' id='word_1_181' title='bbox 2374 2565 2562 2654; x_wconf 82' lang='lat' dir='ltr'><strong>fecit,</strong></span> <span class='ocrx_word' id='word_1_182' title='bbox 2584 2569 2668 2638; x_wconf 91' lang='lat' dir='ltr'><strong>de</strong></span> <span class='ocrx_word' id='word_1_183' title='bbox 2683 2595 2758 2638; x_wconf 90' lang='lat' dir='ltr'><strong>eo</strong></span> 
     </span>
     <span class='ocr_line' id='line_1_22' title="bbox 622 2667 2757 2768; baseline 0.001 -27"><span class='ocrx_word' id='word_1_184' title='bbox 622 2674 1026 2742; x_wconf 88' lang='lat' dir='ltr'><strong>mentionem</strong></span> <span class='ocrx_word' id='word_1_185' title='bbox 1073 2667 1339 2736; x_wconf 89' lang='lat' dir='ltr'><strong>faceret.</strong></span> <span class='ocrx_word' id='word_1_186' title='bbox 1392 2669 1550 2736; x_wconf 92' lang='lat' dir='ltr'><strong>Non</strong></span> <span class='ocrx_word' id='word_1_187' title='bbox 1600 2670 1924 2736; x_wconf 89' lang='lat' dir='ltr'><strong>assentior</strong></span> <span class='ocrx_word' id='word_1_188' title='bbox 1977 2671 2123 2738; x_wconf 84' lang='lat' dir='ltr'><strong>viro</strong></span> <span class='ocrx_word' id='word_1_189' title='bbox 2173 2671 2435 2741; x_wconf 88' lang='lat' dir='ltr'><strong>erudito</strong></span> <span class='ocrx_word' id='word_1_190' title='bbox 2483 2677 2641 2768; x_wconf 87' lang='lat' dir='ltr'><strong>qui,</strong></span> <span class='ocrx_word' id='word_1_191' title='bbox 2693 2678 2757 2744; x_wconf 88' lang='lat' dir='ltr'><strong>in</strong></span> 
     </span>
     <span class='ocr_line' id='line_1_23' title="bbox 623 2766 2751 2875; baseline 0 -26"><span class='ocrx_word' id='word_1_192' title='bbox 623 2804 823 2875; x_wconf 89' lang='lat' dir='ltr'><strong>opere</strong></span> <span class='ocrx_word' id='word_1_193' title='bbox 863 2803 984 2846; x_wconf 89' lang='lat' dir='ltr'><strong>suo</strong></span> <span class='ocrx_word' id='word_1_194' title='bbox 1020 2774 1389 2843; x_wconf 75' lang='lat' dir='ltr'><strong>Nouvelles</strong></span> <span class='ocrx_word' id='word_1_195' title='bbox 1416 2766 1851 2844; x_wconf 78' lang='lat' dir='ltr'><strong>de&#39;couvertes</strong></span> <span class='ocrx_word' id='word_1_196' title='bbox 1878 2799 2000 2842; x_wconf 79' lang='lat' dir='ltr'><strong>sur</strong></span> <span class='ocrx_word' id='word_1_197' title='bbox 2033 2777 2086 2844; x_wconf 87' lang='lat' dir='ltr'><strong>l’</strong></span> <span class='ocrx_word' id='word_1_198' title='bbox 2085 2768 2239 2844; x_wconf 76' lang='lat' dir='ltr'><strong>e&#39;tcu</strong></span> <span class='ocrx_word' id='word_1_199' title='bbox 2265 2777 2354 2846; x_wconf 81' lang='lat' dir='ltr'><strong>de</strong></span> <span class='ocrx_word' id='word_1_200' title='bbox 2389 2779 2466 2847; x_wconf 82' lang='lat' dir='ltr'><strong>la</strong></span> <span class='ocrx_word' id='word_1_201' title='bbox 2505 2783 2751 2868; x_wconf 79' lang='lat' dir='ltr'><strong>Gaule&#39;,</strong></span> 
     </span>
    </p>

    <p class='ocr_par' dir='ltr' id='par_1_3' title="bbox 622 2880 2758 3294">
     <span class='ocr_line' id='line_1_24' title="bbox 622 2880 2758 2982; baseline 0.001 -28"><span class='ocrx_word' id='word_1_202' title='bbox 622 2885 1030 2980; x_wconf 83' lang='lat' dir='ltr'><strong>Lugdunum</strong></span> <span class='ocrx_word' id='word_1_203' title='bbox 1070 2883 1592 2975; x_wconf 87' lang='lat' dir='ltr'><strong>Segusianorum</strong></span> <span class='ocrx_word' id='word_1_204' title='bbox 1633 2880 1929 2949; x_wconf 89' lang='lat' dir='ltr'><strong>urbem</strong></span> <span class='ocrx_word' id='word_1_205' title='bbox 1908 2904 2043 2974; x_wconf 82' lang='lat' dir='ltr'><strong>Jam</strong></span> <span class='ocrx_word' id='word_1_206' title='bbox 2083 2881 2405 2952; x_wconf 84' lang='lat' dir='ltr'><strong>illustrem</strong></span> <span class='ocrx_word' id='word_1_207' title='bbox 2453 2900 2522 2954; x_wconf 88' lang='lat' dir='ltr'><strong>et</strong></span> <span class='ocrx_word' id='word_1_208' title='bbox 2565 2902 2758 2982; x_wconf 88' lang='lat' dir='ltr'><strong>caput</strong></span> 
     </span>
     <span class='ocr_line' id='line_1_25' title="bbox 626 2987 2757 3086; baseline 0.001 -27"><span class='ocrx_word' id='word_1_209' title='bbox 626 2993 840 3086; x_wconf 87' lang='lat' dir='ltr'><strong>gentis</strong></span> <span class='ocrx_word' id='word_1_210' title='bbox 880 2987 1107 3056; x_wconf 85' lang='lat' dir='ltr'><strong>AEduae</strong></span> <span class='ocrx_word' id='word_1_211' title='bbox 1158 2988 1332 3055; x_wconf 89' lang='lat' dir='ltr'><strong>facit.</strong></span> <span class='ocrx_word' id='word_1_212' title='bbox 1388 2987 1607 3079; x_wconf 90' lang='lat' dir='ltr'><strong>Hujus</strong></span> <span class='ocrx_word' id='word_1_213' title='bbox 1659 2988 1954 3080; x_wconf 88' lang='lat' dir='ltr'><strong>opinioni</strong></span> <span class='ocrx_word' id='word_1_214' title='bbox 2005 3003 2072 3056; x_wconf 93' lang='lat' dir='ltr'><strong>et</strong></span> <span class='ocrx_word' id='word_1_215' title='bbox 2116 2991 2288 3058; x_wconf 87' lang='lat' dir='ltr'><strong>ratio</strong></span> <span class='ocrx_word' id='word_1_216' title='bbox 2338 2990 2648 3062; x_wconf 91' lang='lat' dir='ltr'><strong>historica</strong></span> <span class='ocrx_word' id='word_1_217' title='bbox 2691 3007 2757 3061; x_wconf 90' lang='lat' dir='ltr'><strong>et</strong></span> 
     </span>
     <span class='ocr_line' id='line_1_26' title="bbox 623 3093 2752 3194; baseline 0 -27"><span class='ocrx_word' id='word_1_218' title='bbox 623 3111 973 3167; x_wconf 89' lang='lat' dir='ltr'><strong>contextus</strong></span> <span class='ocrx_word' id='word_1_219' title='bbox 1026 3095 1307 3163; x_wconf 85' lang='lat' dir='ltr'><strong>Caesaris</strong></span> <span class='ocrx_word' id='word_1_220' title='bbox 1360 3095 1516 3162; x_wconf 90' lang='lat' dir='ltr'><strong>satis</strong></span> <span class='ocrx_word' id='word_1_221' title='bbox 1576 3107 1956 3188; x_wconf 85' lang='lat' dir='ltr'><strong>repugnant</strong></span> <span class='ocrx_word' id='word_1_222' title='bbox 1987 3147 2007 3181; x_wconf 88' lang='lat'>,</span> <span class='ocrx_word' id='word_1_223' title='bbox 2065 3109 2142 3162; x_wconf 92' lang='lat' dir='ltr'><strong>ut</strong></span> <span class='ocrx_word' id='word_1_224' title='bbox 2185 3093 2297 3164; x_wconf 89' lang='lat' dir='ltr'><strong>illa</strong></span> <span class='ocrx_word' id='word_1_225' title='bbox 2341 3096 2752 3194; x_wconf 85' lang='lat' dir='ltr'><strong>indagatione</strong></span> 
     </span>
     <span class='ocr_line' id='line_1_27' title="bbox 624 3215 1184 3294; baseline -0.011 -22"><span class='ocrx_word' id='word_1_226' title='bbox 624 3217 934 3272; x_wconf 87' lang='lat' dir='ltr'><strong>accurata</strong></span> <span class='ocrx_word' id='word_1_227' title='bbox 976 3215 1184 3294; x_wconf 85' lang='lat' dir='ltr'><strong>egeat.</strong></span> 
     </span>
    </p>

    <p class='ocr_par' dir='ltr' id='par_1_4' title="bbox 608 3300 2754 4144">
     <span class='ocr_line' id='line_1_28' title="bbox 733 3300 2754 3403; baseline 0 -23"><span class='ocrx_word' id='word_1_228' title='bbox 733 3313 1057 3380; x_wconf 74' lang='lat' dir='ltr'><strong>SENoNEs</strong></span> <span class='ocrx_word' id='word_1_229' title='bbox 1093 3300 1247 3395; x_wconf 83' lang='lat' dir='ltr'><strong>(lib.</strong></span> <span class='ocrx_word' id='word_1_230' title='bbox 1290 3329 1374 3391; x_wconf 78' lang='lat' dir='ltr'><strong>V,</strong></span> <span class='ocrx_word' id='word_1_231' title='bbox 1412 3329 1554 3399; x_wconf 86' lang='lat' dir='ltr'><strong>cap.</strong></span> <span class='ocrx_word' id='word_1_232' title='bbox 1589 3301 1721 3392; x_wconf 84' lang='grc'><strong>54,</strong></span> <span class='ocrx_word' id='word_1_233' title='bbox 1764 3301 1905 3393; x_wconf 85' lang='grc'><strong>56;</strong></span> <span class='ocrx_word' id='word_1_234' title='bbox 1950 3305 2060 3375; x_wconf 89' lang='lat' dir='ltr'><strong>lib.</strong></span> <span class='ocrx_word' id='word_1_235' title='bbox 2099 3331 2209 3395; x_wconf 74' lang='grc' dir='ltr'><strong>Ἦ,</strong></span> <span class='ocrx_word' id='word_1_236' title='bbox 2242 3331 2392 3403; x_wconf 87' lang='lat' dir='ltr'><strong>cap.</strong></span> <span class='ocrx_word' id='word_1_237' title='bbox 2436 3304 2540 3401; x_wconf 84' lang='lat'><strong>3).</strong></span> <span class='ocrx_word' id='word_1_238' title='bbox 2578 3314 2754 3381; x_wconf 86' lang='lat' dir='ltr'><strong>Inter</strong></span> 
     </span>
     <span class='ocr_line' id='line_1_29' title="bbox 628 3409 2744 3514; baseline 0.001 -30"><span class='ocrx_word' id='word_1_239' title='bbox 628 3416 758 3514; x_wconf 74' lang='grc' dir='ltr'><strong>47ο</strong></span> <span class='ocrx_word' id='word_1_240' title='bbox 786 3414 821 3500; x_wconf 63' lang='grc' dir='ltr'><strong><em>ξ</em></strong></span> <span class='ocrx_word' id='word_1_241' title='bbox 850 3431 916 3484; x_wconf 87' lang='lat' dir='ltr'><strong>et</strong></span> <span class='ocrx_word' id='word_1_242' title='bbox 944 3411 1074 3500; x_wconf 74' lang='grc' dir='ltr'><strong>48ο</strong></span> <span class='ocrx_word' id='word_1_243' title='bbox 1099 3411 1142 3496; x_wconf 66' lang='grc' dir='ltr'><strong>-ζ-</strong></span> <span class='ocrx_word' id='word_1_244' title='bbox 1164 3411 1273 3481; x_wconf 88' lang='lat' dir='ltr'><strong>lat.</strong></span> <span class='ocrx_word' id='word_1_245' title='bbox 1308 3410 1384 3482; x_wconf 90' lang='lat'><strong>0⁰</strong></span> <span class='ocrx_word' id='word_1_246' title='bbox 1411 3425 1481 3479; x_wconf 87' lang='lat' dir='ltr'><strong>et</strong></span> <span class='ocrx_word' id='word_1_247' title='bbox 1520 3409 1584 3479; x_wconf 84' lang='lat'><strong>1⁰</strong></span> <span class='ocrx_word' id='word_1_248' title='bbox 1612 3410 1786 3506; x_wconf 87' lang='lat' dir='ltr'><strong>long.</strong></span> <span class='ocrx_word' id='word_1_249' title='bbox 1833 3411 2130 3506; x_wconf 92' lang='lat' dir='ltr'><strong>Populus</strong></span> <span class='ocrx_word' id='word_1_250' title='bbox 2172 3417 2556 3487; x_wconf 89' lang='lat' dir='ltr'><strong>notissimus</strong></span> <span class='ocrx_word' id='word_1_251' title='bbox 2601 3418 2744 3487; x_wconf 88' lang='lat' dir='ltr'><strong>olim</strong></span> 
     </span>
     <span class='ocr_line' id='line_1_30' title="bbox 621 3518 2742 3616; baseline -0 -23"><span class='ocrx_word' id='word_1_252' title='bbox 621 3529 796 3593; x_wconf 89' lang='lat' dir='ltr'><strong>inter</strong></span> <span class='ocrx_word' id='word_1_253' title='bbox 824 3522 1193 3616; x_wconf 84' lang='lat' dir='ltr'><strong>praecipuos</strong></span> <span class='ocrx_word' id='word_1_254' title='bbox 1238 3533 1305 3586; x_wconf 86' lang='lat' dir='ltr'><strong>et</strong></span> <span class='ocrx_word' id='word_1_255' title='bbox 1348 3518 1842 3610; x_wconf 86' lang='lat' dir='ltr'><strong>potentissimos</strong></span> <span class='ocrx_word' id='word_1_256' title='bbox 1879 3518 2111 3588; x_wconf 81' lang='lat' dir='ltr'><strong>Galliae</strong></span> <span class='ocrx_word' id='word_1_257' title='bbox 2138 3522 2615 3616; x_wconf 81' lang='lat' dir='ltr'><strong>Transalpinae3</strong></span> <span class='ocrx_word' id='word_1_258' title='bbox 2641 3523 2742 3594; x_wconf 84' lang='lat' dir='ltr'><strong>sed</strong></span> 
     </span>
     <span class='ocr_line' id='line_1_31' title="bbox 622 3623 2738 3724; baseline -0.002 -23"><span class='ocrx_word' id='word_1_259' title='bbox 622 3629 1034 3724; x_wconf 86' lang='lat' dir='ltr'><strong>temporibus</strong></span> <span class='ocrx_word' id='word_1_260' title='bbox 1056 3630 1091 3694; x_wconf 88' lang='lat' dir='ltr'>J</span> <span class='ocrx_word' id='word_1_261' title='bbox 1096 3625 1211 3693; x_wconf 91' lang='lat' dir='ltr'><strong>ulii</strong></span> <span class='ocrx_word' id='word_1_262' title='bbox 1244 3625 1523 3692; x_wconf 84' lang='lat' dir='ltr'><strong>Caesaris</strong></span> <span class='ocrx_word' id='word_1_263' title='bbox 1556 3623 2032 3716; x_wconf 89' lang='lat' dir='ltr'><strong>aliquantulum</strong></span> <span class='ocrx_word' id='word_1_264' title='bbox 2067 3625 2356 3721; x_wconf 84' lang='lat' dir='ltr'><strong>degener</strong></span> <span class='ocrx_word' id='word_1_265' title='bbox 2381 3645 2452 3697; x_wconf 89' lang='lat' dir='ltr'><strong>et</strong></span> <span class='ocrx_word' id='word_1_266' title='bbox 2479 3633 2658 3724; x_wconf 91' lang='lat' dir='ltr'><strong>quasi</strong></span> <span class='ocrx_word' id='word_1_267' title='bbox 2681 3632 2738 3697; x_wconf 85' lang='lat' dir='ltr'><strong>in</strong></span> 
     </span>
     <span class='ocr_line' id='line_1_32' title="bbox 619 3728 2741 3808; baseline -0.003 0"><span class='ocrx_word' id='word_1_268' title='bbox 619 3735 925 3808; x_wconf 87' lang='lat' dir='ltr'><strong>clientela</strong></span> <span class='ocrx_word' id='word_1_269' title='bbox 950 3732 1338 3801; x_wconf 89' lang='lat' dir='ltr'><strong>AEduorum.</strong></span> <span class='ocrx_word' id='word_1_270' title='bbox 1368 3728 1818 3798; x_wconf 86' lang='lat' dir='ltr'><strong>Nihilominus</strong></span> <span class='ocrx_word' id='word_1_271' title='bbox 1853 3730 2124 3802; x_wconf 90' lang='lat' dir='ltr'><strong>clientes</strong></span> <span class='ocrx_word' id='word_1_272' title='bbox 2161 3734 2476 3804; x_wconf 87' lang='lat' dir='ltr'><strong>habuisse</strong></span> <span class='ocrx_word' id='word_1_273' title='bbox 2498 3737 2741 3806; x_wconf 82' lang='lat' dir='ltr'><strong>videtur</strong></span> 
     </span>
     <span class='ocr_line' id='line_1_33' title="bbox 618 3837 2736 3927; baseline -0.002 -14"><span class='ocrx_word' id='word_1_274' title='bbox 618 3843 879 3913; x_wconf 90' lang='lat' dir='ltr'><strong>Meldos</strong></span> <span class='ocrx_word' id='word_1_275' title='bbox 901 3895 920 3927; x_wconf 85' lang='lat'><strong><em>‚</em></strong></span> <span class='ocrx_word' id='word_1_276' title='bbox 944 3840 1227 3910; x_wconf 89' lang='lat' dir='ltr'><strong>Parisios</strong></span> <span class='ocrx_word' id='word_1_277' title='bbox 1265 3851 1332 3904; x_wconf 90' lang='lat' dir='ltr'><strong>et</strong></span> <span class='ocrx_word' id='word_1_278' title='bbox 1356 3837 1706 3905; x_wconf 83' lang='lat' dir='ltr'><strong>Tricasses.</strong></span> <span class='ocrx_word' id='word_1_279' title='bbox 1739 3837 2054 3907; x_wconf 85' lang='lat' dir='ltr'><strong>Confines</strong></span> <span class='ocrx_word' id='word_1_280' title='bbox 2085 3842 2424 3910; x_wconf 86' lang='lat' dir='ltr'><strong>Senonum</strong></span> <span class='ocrx_word' id='word_1_281' title='bbox 2459 3859 2642 3912; x_wconf 89' lang='lat' dir='ltr'><strong>erant</strong></span> <span class='ocrx_word' id='word_1_282' title='bbox 2663 3839 2736 3909; x_wconf 89' lang='lat' dir='ltr'><strong>ad</strong></span> 
     </span>
     <span class='ocr_line' id='line_1_34' title="bbox 613 3942 2732 4046; baseline -0.001 -28"><span class='ocrx_word' id='word_1_283' title='bbox 613 3949 1160 4046; x_wconf 87' lang='lat' dir='ltr'><strong>septemtrionem</strong></span> <span class='ocrx_word' id='word_1_284' title='bbox 1204 3945 1476 4029; x_wconf 82' lang='lat' dir='ltr'><strong>Parisii3</strong></span> <span class='ocrx_word' id='word_1_285' title='bbox 1519 3942 1603 4011; x_wconf 89' lang='lat' dir='ltr'><strong>ad</strong></span> <span class='ocrx_word' id='word_1_286' title='bbox 1653 3945 2016 4033; x_wconf 86' lang='lat' dir='ltr'><strong>orientem,</strong></span> <span class='ocrx_word' id='word_1_287' title='bbox 2060 3948 2436 4042; x_wconf 82' lang='lat' dir='ltr'><strong>Lingones3</strong></span> <span class='ocrx_word' id='word_1_288' title='bbox 2484 3949 2567 4017; x_wconf 90' lang='lat' dir='ltr'><strong>ad</strong></span> <span class='ocrx_word' id='word_1_289' title='bbox 2606 3971 2732 4017; x_wconf 90' lang='lat' dir='ltr'><strong>me-</strong></span> 
     </span>
     <span class='ocr_line' id='line_1_35' title="bbox 608 4049 2730 4144; baseline -0.002 -18"><span class='ocrx_word' id='word_1_290' title='bbox 608 4057 879 4142; x_wconf 85' lang='lat' dir='ltr'><strong>ridiem,</strong></span> <span class='ocrx_word' id='word_1_291' title='bbox 909 4053 1106 4122; x_wconf 85' lang='lat' dir='ltr'><strong>AEdui</strong></span> <span class='ocrx_word' id='word_1_292' title='bbox 1142 4066 1209 4120; x_wconf 90' lang='lat' dir='ltr'><strong>et</strong></span> <span class='ocrx_word' id='word_1_293' title='bbox 1244 4050 1603 4144; x_wconf 88' lang='lat' dir='ltr'><strong>Bituriges;</strong></span> <span class='ocrx_word' id='word_1_294' title='bbox 1641 4049 1728 4119; x_wconf 86' lang='lat' dir='ltr'><strong>ad</strong></span> <span class='ocrx_word' id='word_1_295' title='bbox 1757 4051 2172 4123; x_wconf 85' lang='lat' dir='ltr'><strong>occidentem</strong></span> <span class='ocrx_word' id='word_1_296' title='bbox 2205 4077 2369 4124; x_wconf 83' lang='lat' dir='ltr'><strong>vero</strong></span> <span class='ocrx_word' id='word_1_297' title='bbox 2405 4057 2730 4125; x_wconf 82' lang='lat' dir='ltr'><strong>Carnutes.</strong></span> 
     </span>
    </p>
   </div>
  </div>
 </body>
</html>
