3017 5042
765 443 903 512 DE
960 445 1037 513 C.
1107 445 1452 512 JULIO
1524 445 2436 550 CAESARE.149

307 594 367 648 et
402 578 664 673 dignum
711 575 1081 645 Mabillonii
1126 577 1628 672 hyperaspisten
1675 583 1936 648 Justum
1990 583 2437 656 Fontaninum

302 687 363 754 in
384 683 693 754 vindiciis
727 681 1166 778 diplomatum
1207 687 1631 778 antiquorum
1683 712 1831 781 pag.
1887 687 2008 781 98.
2051 690 2440 764 Chronicon

305 793 699 863 Gotwicense
727 806 775 859 t.
820 792 884 877 I,
922 815 1070 884 pag.
1118 787 1181 860 3.
1230 794 1564 861 Lutetiam
1598 795 2000 862 Parisiorum
2035 798 2371 868 conditam
2399 825 2442 868 a

305 901 579 982 Caesare,
617 896 724 966 vel
764 895 1117 964 Juliacmn
1137 898 1273 965 sive
1318 897 1560 966 Juliam
1603 902 2006 994 Augustam,
2043 902 2440 998 Volgastum

301 1006 724 1096 pomeraniae,
770 1001 873 1072 vel
908 1013 1199 1071 castrum
1233 1005 1819 1104 Luneburgicum,
1860 1007 1966 1075 vel
2001 1011 2236 1078 tumim
2277 1013 2441 1082 Deae

302 1113 507 1181 Vestae
524 1110 1009 1204 Magdeburgi‚
1032 1111 1283 1180 ineerta
1308 1110 1438 1180 fide
1466 1137 1505 1180 a
1533 1112 1871 1182 nonnullis
1900 1115 2240 1184 traditum.
2269 1119 2446 1187 Vide

303 1221 489 1312 Gasp.
518 1217 773 1290 Barthii
808 1231 1001 1285 notas
1037 1217 1121 1284 ad
1160 1217 1337 1285 Guil.
1378 1221 1717 1288 Britonem
1754 1245 1818 1316 p.
1859 1221 1998 1308 283
2037 1237 2102 1290 et
2129 1226 2228 1291 Jo.
2259 1227 2442 1292 Hen-

300 1327 407 1394 rici
428 1325 665 1394 Ackeri
695 1323 996 1392 analecta
1019 1323 1311 1392 historiae
1344 1329 1661 1394 Caesareae
1687 1353 1748 1421 p.
1799 1351 1885 1396 10
1914 1341 1979 1396 et
2023 1351 2048 1397 1
2078 1354 2132 1398 1.
2169 1331 2446 1400 Dictum

304 1433 567 1501 Caesaris
586 1485 606 1518 ‚
648 1437 963 1500 miserum
1012 1455 1162 1498 esse
1216 1421 1458 1521 ἐφόδιον
1518 1441 1854 1503 senectuti
1899 1436 2446 1506 recordationem

301 1538 749 1626 cncdelztatzts,
786 1536 1013 1606 laudat
1048 1539 1437 1606 Ammianus
1475 1539 1905 1609 Marcellinus
1934 1544 2209 1628 XXIX,
2242 1569 2308 1612 2.
2339 1545 2448 1613 De

303 1645 567 1714 Caesaris
638 1644 1219 1739 stratagematibus
1285 1643 1634 1739 Polyaenus
1689 1647 1860 1716 VIII
1890 1701 1908 1734 ‚
1983 1645 2100 1718 23.
2167 1652 2451 1720 Recenti

301 1766 477 1822 aetate
518 1751 704 1822 haud
746 1749 1129 1845 infrequens
1164 1749 1319 1820 Julii
1361 1754 1642 1822 Caesaris
1683 1752 2039 1848 appellatio
2081 1757 2255 1824 inter
2292 1783 2454 1851 prae-

302 1860 561 1927 nomina
604 1860 804 1926 etiam
851 1860 1265 1953 privatorum
1288 1913 1307 1946 ,
1350 1874 1427 1927 ut
1464 1858 1677 1954 Julius
1715 1863 1940 1928 Caesar
1979 1860 2308 1956 Scaliger,
2347 1865 2454 1930 vir

302 1967 564 2034 maximi
587 1966 837 2059 ingenii
860 1991 938 2034 ac
969 1965 1289 2034 doctrinae
1320 1991 1333 2032 :
1361 1965 1574 2034 Julius
1603 1967 1826 2036 Caesar
1845 1969 2186 2054 Vaninus‚
2215 1971 2457 2038 misera

303 2073 637 2167 impietate
682 2086 881 2142 notus
924 2098 939 2141 τ
976 2071 1189 2142 Julius
1227 2075 1452 2143 Caesar
1483 2072 1841 2159 Damnare,
1877 2075 1982 2141 vir
2024 2075 2092 2140 in
2126 2099 2460 2169 pauperes

302 2176 827 2264 liberalissimus,
866 2179 949 2246 de
986 2204 1120 2272 quo
1162 2179 1399 2248 Thom.
1436 2178 1738 2249 Fullerus
1779 2177 1950 2248 libro
1993 2180 2075 2248 de
2118 2183 2278 2250 viris
2321 2181 2459 2250 illu-

304 2287 541 2354 stribus
586 2283 843 2381 Angliae
889 2300 933 2354 t.
985 2285 1093 2376 II,
1142 2311 1210 2382 p.
1267 2283 1411 2382 173
1440 2286 1694 2370 :Julius
1731 2289 1956 2358 Caesar
2004 2286 2460 2384 BulengeruS,

300 2389 531 2487 aliique
574 2393 927 2488 innumeri.

780 2673 1279 2741 EDITORIS
1344 2672 1970 2742 ANNOTATIO.

376 2825 509 2877 Post
550 2839 611 2875 ea
650 2841 769 2894 quae
799 2820 869 2874 de
909 2821 970 2875 C.
998 2822 1033 2872 J
1036 2821 1147 2872 ulio
1188 2821 1395 2874 Caesare
1431 2839 1495 2872 ex
1527 2821 1722 2872 Vossio
1754 2828 1808 2873 et
1843 2820 2090 2872 Fabricio
2141 2819 2464 2892 deprompta

307 2903 467 2958 modu
494 2901 777 2956 retulimus
792 2937 813 2966 ,
836 2901 992 2954 liceat
1012 2918 1181 2974 pauca
1211 2899 1325 2954 hac
1356 2897 1556 2952 addere
1571 2939 1587 2965 ,
1621 2901 1816 2972 quibus
1841 2901 2029 2953 talium
2054 2901 2298 2953 virorum
2322 2901 2474 2954 testi«

307 2985 515 3049 monia,
546 2995 598 3036 et
616 2983 717 3036 alia
741 3000 861 3053 quae
890 2981 1187 3052 legentibus
1210 2993 1407 3052 praesto
1432 2993 1589 3044 sunt,
1615 2999 1738 3053 pag.
1767 2981 1860 3051 37,
1895 2982 1964 3034 38
1985 3017 2002 3046 ,
2023 2981 2288 3053 completa
2315 2981 2472 3052 quasi·

306 3065 514 3136 fastigio
546 3061 801 3134 imposito
831 3058 1229 3117 concludamus.

384 3141 676 3198 Goduinus
702 3143 761 3194 in
793 3141 1013 3213 epistola
1044 3140 1115 3194 ad
1154 3140 1559 3194 Serenissimum
1601 3139 1936 3210 Delphinum
1956 3177 1973 3206 ‚
2015 3153 2172 3194 vocat
2203 3142 2473 3194 Caesarem

310 3223 535 3278 dicendi.
567 3220 907 3292 faciendique·
939 3222 1250 3292 magistrum
1282 3233 1335 3273 et
1365 3219 1644 3274 doctorem
1674 3220 2011 3273 maximum.
1999 3239 2012 3251 ·
2046 3221 2139 3274 sed
2168 3221 2310 3274 hanc
2348 3241 2469 3274 sen-

312 3306 537 3360 tentiam
558 3303 718 3375 lenge
746 3301 1253 3374 significantioribus
1280 3301 1502 3354 verbis'
1482 3319 1592 3372 jam
1623 3313 1777 3353 antea
1805 3307 2133 3372 expresserat
2159 3314 2472 3354 nostrorum

311 3383 759 3458 philosophorum
794 3383 1072 3454 princeps,
1104 3382 1162 3434 in
1193 3379 1491 3434 dubitando
1519 3393 1797 3446 constans,
1826 3383 1882 3434 in
1924 3379 2238 3434 meditando
2279 3381 2474 3436 altissi-

316 3463 722 3558 ιη,οξ>εἰωω
736 3461 866 3515 fidei
887 3475 945 3516 et
966 3477 1109 3516 nota
1139 3462 1336 3515 veteris
1363 3462 1627 3532 scriptor,
1644 3459 1788 3534 apud
1821 3473 2060 3514 recentes
2087 3461 2270 3514 Gallos
2295 3479 2476 3513 roma·

318 3565 415 3600 nus
447 3545 611 3610 civis,
630 3543 727 3615 qui
749 3543 1059 3597 Caesarianae.
1085 3542 1300 3596 virtutis
1319 3541 1553 3596 disertus
1579 3559 1784 3614 praeco,
1806 3542 1920 3612 ipse
1940 3559 2243 3614 praeconem
2276 3557 2331 3594 se
2357 3541 2476 3612 ipso

319 3623 539 3698 dignum
576 3625 719 3678 inter
748 3624 1053 3678 laureatos'
1032 3642 1255 3696 juvenes
1283 3641 1458 3694 nuper
1484 3620 1718 3675 invenit¹
1725 3661 1738 3674 .
1779 3623 1988 3676 «Celui
2015 3623 2109 3693 qui
2141 3622 2285 3675 avoit
2326 3621 2478 3692 prins

328 3731 350 3753 ι
371 3707 535 3760 cesar
570 3723 715 3776 pour
746 3722 801 3757 sa
831 3717 985 3776 part,
1023 3703 1169 3757 avoit
1213 3722 1331 3757 sans
1374 3700 1582 3756 doubte
1615 3703 1741 3756 bien
1772 3703 1974 3756 mieulx
2004 3701 2204 3767 choisi3
2245 3719 2336 3753 car
2371 3706 2401 3752 a
2428 3701 2480 3753 la

330 3805 354 3831 ι(
368 3785 541 3840 verite
563 3799 625 3839 ce
646 3782 901 3838 debvroit
924 3796 1061 3838 estre
1090 3785 1140 3837 Ie
1166 3783 1431 3837 breviaire
1454 3781 1522 3836 de
1553 3795 1672 3836 tout
1697 3784 1915 3835 homme
1940 3780 2008 3835 de
2025 3801 2215 3854 guerre
2233 3820 2249 3847 ,
2269 3799 2480 3834 comme

332 3891 353 3912 ι
376 3877 551 3920 estant
574 3865 625 3917 le
654 3884 787 3936 vray
815 3878 868 3918 et
888 3865 1169 3918 souverain
1200 3876 1397 3937 patron
1425 3863 1493 3917 de
1523 3863 1646 3918 l'art
1671 3864 1924 3917 militaire
1940 3882 1958 3930 3
1975 3875 2033 3916 ει
2060 3863 2202 3915 Dieu
2227 3862 2357 3932 seait
2387 3881 2483 3915 en-

385 4081 427 4111 1.
458 4066 669 4112 chmu.
699 4065 759 4111 de
793 4067 1149 4119 Mon-ruent,
1176 4066 1373 4117 Εεεαίε,
1406 4064 1469 4108 liv
1471 4065 1596 4118 .,11
1619 4063 1748 4126 chap-
1783 4063 1861 4116 34.
1900 4063 1972 4109 Vo
1946 4078 2026 4124 oye
2027 4079 2054 4109 z
2079 4079 2163 4109 son
2199 4051 2372 4125 Eloge>
2394 4077 2487 4124 par

324 4129 387 4173 M.
416 4129 696 4183 Villemain,
720 4129 803 4190 qui
823 4143 1023 4190 arempo
998 4130 1091 4174 01·εὲ
1108 4127 1153 4173 le
1166 4143 1241 4190 pn
1225 4129 1279 4173 ix
1306 4126 1339 4172 d
1345 4125 1427 4174 'e‘lo
1402 4141 1618 4192 oqnenoe,
1661 4127 1721 4174 23
1747 4140 1872 4174 mars
1899 4125 2036 4172 1812.

1974 4210 2110 4298 103
