3017 5042
668 449 809 529 142
862 535 865 541 ¹
1135 442 1582 513 NOTITIA
1648 442 2312 509 LITTERARIA

648 574 815 645 dans
839 574 1042 643 refert
1059 574 1400 667 Appianus
1428 570 1537 639 lib.
1554 574 1624 639 ΙΙ
1651 556 1982 663 Euenum
2007 594 2069 665 p.
2095 573 2189 666 47
2205 596 2242 665 7
2265 624 2284 657 ,
2313 569 2554 665 legitur
2593 575 2787 641 etiam

650 682 717 747 in
754 682 1031 749 Caesaris
1063 677 1174 747 lib.
1204 681 1309 746 III
1346 677 1430 745 de
1464 675 1642 745 bello
1668 676 1862 746 Civili
1892 700 2037 771 cap.
2079 700 2202 771 92.
2449 717 2452 722 ·

752 797 863 863 De
898 795 1263 888 Analogia
1299 792 1457 861 libri
1498 791 1680 878 duo,
1721 791 1826 859 ad
1879 794 1971 861 M.
2030 793 2102 860 T.
2152 793 2580 878 Ciceronem,
2625 818 2788 887 quos

645 902 877 992 Τέχνην
905 902 1335 994 γραμματικὴν
1367 897 1633 966 videtur
1669 922 1912 966 vocare
1946 897 2234 967 Suidas
2216 922 2286 965 ιιι
2315 896 2495 975 Γάϊος
2536 882 2783 976 Ῐοόλιος·

644 1030 758 1075 eos
794 1019 1274 1075 commemorat
1312 1004 1488 1073 idem
1527 1007 1764 1073 Petrus
1805 1002 2126 1072 Blesensis
2170 1005 2354 1096 epist.
2415 1026 2441 1071 1
2459 1027 2583 1073 01.

747 1120 963 1189 Dicta
997 1119 1447 1203 collectanea,
1490 1119 1628 1185 sive
1662 1116 2341 1211 Apophthegmatum
2378 1119 2782 1207 volumina,

641 1248 787 1317 quae
828 1226 1161 1319 Augustus
1197 1224 1411 1294 vetuit
1436 1222 1782 1317 publicari.
1823 1222 2089 1291 Sueton.
2136 1222 2310 1351 Julio
2355 1246 2411 1291 c.
2462 1221 2604 1312 563
2647 1228 2783 1295 Cic.

642 1330 781 1417 IX,
831 1328 957 1419 16,
1000 1331 1185 1424 epist.
1231 1329 1319 1397 ad
1360 1332 1634 1398 Paetum.

747 1446 944 1513 Antz‘-
952 1438 1285 1531 Catones,
1322 1446 1457 1513 sive
1488 1444 1842 1513 Orationes
1871 1442 2310 1537 duae‚quibus
2343 1443 2549 1513 veluti
2587 1444 2720 1514 ad
2698 1472 2790 1539 Ju-

640 1547 819 1619 dices
856 1552 1189 1620 accusavit
1229 1550 1455 1619 Caesar
1500 1552 1826 1619 Catonem
1866 1550 2287 1635 Uticensem,
2327 1550 2650 1621 adversus
2693 1554 2789 1621 Ci-

644 1657 905 1727 ceronis
934 1655 1178 1725 librum
1196 1710 1215 1741 ,
1242 1680 1375 1750 quo
1410 1655 1718 1724 eumdem
1746 1653 2049 1724 laudibus
2078 1656 2163 1723 ad
2201 1657 2434 1725 caelum
2462 1657 2788 1726 extulerat

642 1777 807 1831 teste
844 1760 1060 1832 Gellio
1086 1764 1259 1830 XIII
1277 1815 1296 1848 ,
1339 1785 1452 1856 19.
1494 1762 1737 1831 Caesari
1774 1760 2036 1829 videtur
2071 1762 2485 1857 respondisse
2509 1767 2788 1851 Brutus,

640 1862 847 1937 Bruto
878 1869 1215 1963 Augustus
1256 1870 1427 1961 Imp.
1449 1868 1624 1938 Vide
1665 1868 1848 1935 viros
1888 1865 2121 1936 doctos
2159 1866 2240 1935 ad
2281 1869 2580 1937 Suetonii
2617 1872 2786 1963 Aug.

640 1998 695 2042 c.
748 1974 881 2058 823
932 1989 999 2042 et
1034 2000 1181 2067 quae
1216 1974 1444 2041 notavi
1484 1972 1570 2041 ad
1607 1972 1980 2067 fragmenta
2008 1973 2288 2067 Augusti
2327 1999 2392 2067 p.
2452 1974 2618 2045 168.
2659 1977 2788 2044 Eo-

640 2104 790 2147 rum
820 2081 1072 2148 mentio
1105 2080 1303 2147 etiam
1345 2092 1445 2147 est
1484 2078 1665 2173 apud
1703 2080 2096 2148 Ciceronem
2139 2080 2206 2145 in
2247 2080 2511 2173 Topicis
2553 2106 2610 2150 c.
2669 2106 2783 2150 22.

641 2187 865 2255 Caesar
907 2186 978 2253 in
1012 2186 1090 2253 iis
1134 2183 1531 2278 quandoque
1563 2186 1887 2254 Catonem
1917 2186 2008 2252 ita
2051 2183 2477 2277 reprehendit
2497 2236 2515 2271 ‚
2544 2200 2628 2254 ut
2665 2185 2790 2255 lau-

638 2290 854 2378 daret,
880 2290 1443 2385 quemadmodum
1472 2304 1664 2359 notat
1696 2289 1942 2359 Plinius
1968 2291 2071 2358 III
2088 2340 2109 2373 ,
2139 2291 2342 2384 Epist.
2385 2314 2412 2358 1
2433 2316 2496 2359 2.
2535 2293 2791 2362 Confer

638 2398 909 2467 Petrum
953 2397 1287 2465 Crinitum
1331 2398 1503 2485 VII,
1551 2420 1589 2491 7
1618 2448 1636 2483 ,
1689 2396 1771 2464 de
1823 2396 2104 2464 honesta
2151 2393 2512 2491 disciplina.
2567 2399 2790 2493 Atque

635 2502 973 2597 Augustus
1008 2505 1178 2595 Imp.
1218 2526 1356 2570 non
1401 2504 1706 2596 negavit,
1739 2516 1806 2570 et
1841 2515 1918 2569 ut
1952 2502 2205 2570 bonum
2241 2503 2453 2571 civem
2493 2517 2563 2572 et
2591 2518 2674 2573 ut
2707 2507 2790 2573 vi-

638 2632 789 2677 rum
831 2608 1081 2677 bonum
1122 2608 1329 2701 egisse
1362 2610 1708 2676 Catonem.
1739 2607 1914 2677 Vide
1959 2608 2376 2683 Macrobium
2407 2607 2520 2677 lib.
2563 2612 2637 2678 II
2685 2614 2788 2679 Sa-

636 2713 994 2783 turnalium
1013 2738 1069 2783 c.
1101 2716 1169 2799 4.
1193 2714 1370 2782 Anti-
1372 2714 1660 2783 Catones
1677 2714 1992 2784 Caesaris
1974 2739 2045 2781 in
2067 2712 2474 2783 Bibliotheca
2494 2717 2785 2809 quadam

635 2821 984 2889 Leodiensi
1039 2832 1297 2888 exstare
1350 2817 1936 2889 10.Lud.Vivi¹
2001 2818 2358 2889 affirmavit
2410 2822 2788 2892 Cardinalis

641 2926 1042 2996 LeodiensiS.

733 3040 928 3112 Libri
962 3045 1423 3136 auspiciorum
1437 3094 1459 3127 ,
1504 3066 1791 3134 quorum
1846 3040 2144 3110 decimus
2189 3058 2427 3111 sextus
2473 3041 2789 3113 laudatur

634 3170 673 3213 a
714 3147 1102 3233 Macrobio,
1147 3150 1281 3241 Sat.
1330 3149 1401 3235 Ι,
1452 3144 1565 3216 16.

741 3262 1141 3355 Augur-alia
1156 3315 1181 3348 ,
1226 3262 1536 3330 Priscian.

737 3382 1113 3465 Poemata,
1148 3377 1231 3445 de
1249 3377 1489 3471 quibus
1521 3390 1756 3446 auctor
1778 3376 1860 3443 de
1885 3377 2097 3445 causis
2125 3392 2454 3471 corruptae
2477 3377 2790 3475 eloquen-

630 3486 737 3554 tiae
768 3508 911 3577 cap.
950 3510 988 3553 2
1010 3509 1035 3554 1
1081 3510 1095 3551 :
1140 3512 1175 3548 ι(
1209 3486 1539 3552 Fecerunt
1571 3497 1638 3551 et
1667 3484 1965 3566 carmina
1997 3476 2263 3572 (Caesar
2289 3508 2367 3552 ac
2394 3480 2694 3576 Brutus)
2723 3500 2788 3555 et

632 3593 699 3661 in
750 3588 1181 3659 bibliothecas
1224 3588 1598 3658 retulerunt
1617 3642 1636 3674 ,
1686 3613 1833 3656 non.
1865 3586 2099 3657 melius
2152 3614 2350 3683 quam
2397 3591 2677 3680 Cicero,
2717 3608 2786 3661 at

529 3775 535 3780 ‚
629 3695 881 3766 felicius
901 3749 921 3784 ,
951 3698 1105 3791 quia
1139 3694 1286 3764 illos
1310 3695 1541 3763 fecisse
1568 3695 1916 3788 pauciores
1942 3696 2174 3763 sciunt.
2209 3716 2243 3759 ι)
2283 3698 2386 3764 Ex
2407 3696 2510 3765 his
2535 3722 2784 3791 poema
2865 3783 2874 3789 .

629 3808 776 3872 Iter
806 3817 1133 3871 memorat
1176 3803 1534 3870 Suetonius
1571 3803 1641 3868 in
1674 3800 1849 3869 Julio
1885 3824 2028 3894 cap.
2082 3798 2220 3883 26;
2261 3815 2324 3870 et
2355 3805 2781 3897 tragoediam

635 3908 987 4003 OEleum
1002 3961 1024 3994 ,
1057 3931 1261 4001 quam
1290 3906 1566 4001 perinde
1585 3920 1663 3974 ut
1681 3906 1921 3975 laudes
1947 3908 2266 3980 Hes-culex
2291 3908 2377 3979 ab
2406 3907 2785 3980 adolescen-

718 4116 763 4151 ι.
794 4097 937 4153 vide
962 4100 1161 4153 Vivam
1186 4098 1255 4153 aa
1270 4098 1364 4153 ιιι».
1399 4100 1426 4151 1
1456 4060 1738 4177 Aegustin.
1758 4096 1827 4152 de
1844 4097 1968 4153 σιν.
1989 4098 2089 4151 Dei
2111 4110 2226 4171 cap.
2260 4100 2351 4153 23.
