3017 5042
734 355 746 389 Ι,

513 430 655 478 120
982 407 1445 476 NOTITIA
1503 405 2176 475 LITTERARIA

496 538 737 609 milites
776 539 915 632 jam
956 561 1099 608 esse
1138 538 1207 606 in
1250 537 1419 606 urbe
1438 591 1459 624 ,
1478 577 1485 584 ·
1506 536 1666 630 fuga
1709 535 1832 606 sibi
1875 537 2374 632 quamprimum
2411 561 2654 608 consu·

496 644 694 714 luisse
714 699 735 732 ,
773 669 851 714 ac
882 670 1019 739 prae
1048 658 1231 712 metu
1268 645 1574 724 aerarium
1609 641 1950 736 reliquis-se
1979 657 2306 737 apertum.
2331 645 2460 712 Vir
2501 669 2656 714 eru-

495 751 675 820 ditus
704 750 1047 846 Philippus
1072 750 1416 819 Rubenius
1455 748 1843 820 Electorum
1871 747 1984 820 lib.
2020 752 2085 833 I,
2123 773 2268 844 cap.
2315 753 2414 837 24
2434 803 2454 837 ,
2483 758 2652 845 ope-

495 857 783 926 ram-sibi
801 857 1089 926 dandam
1108 858 1369 951 putavit
1383 908 1401 942 ,
1430 881 1516 926 ne
1535 859 1758 929 Caesar
1779 879 1936 927 cum
1955 857 2191 926 ceteris
2217 857 2652 951 scriptoribus

495 978 839 1058 pugnaret.
881 968 1117 1058 Itaque
1159 963 1275 1030 ubi
1312 961 1516 1057 vulgo
1554 961 1796 1056 legitur
1835 977 2125 1058 aperto„
2167 964 2413 1032 inserta
2447 987 2650 1058 nega-

494 1072 674 1139 tione
718 1069 877 1164 legit
904 1094 1044 1140 non
1082 1085 1345 1164 apertu.
1385 1071 1646 1163 Nempe
1687 1069 1868 1140 hunc
1905 1071 1974 1137 in
2009 1069 2284 1138 modum
2331 1094 2346 1136 :
2395 1097 2432 1134 κ
2480 1071 2648 1159 Qui·
2753 1087 2758 1092 ·

492 1177 617 1245 bus
654 1177 853 1245 rebus
893 1179 1176 1245 Romam
1204 1175 1552 1260 nuntiatis,
1579 1189 1816 1249 tantus¹
1837 1189 2112 1270 repente
2136 1176 2652 1265 terrorinvasit,

493 1298 569 1351 ut
590 1308 798 1376 quum
819 1281 1143 1352 Lentulus
1162 1280 1394 1352 consul
1420 1282 1504 1350 ad
1527 1281 1958 1375 aperiendum
1987 1283 2293 1352 aerarium
2328 1284 2650 1372 venisset,

493 1390 576 1459 ad
629 1391 980 1484 pecuniam
1032 1390 1352 1484 Pompeio
1404 1413 1487 1456 ex
1537 1390 1600 1457 S.
1650 1391 1726 1457 C.
1771 1387 2282 1483 proferendam,
2341 1390 2653 1482 protinus

491 1521 630 1564 non
672 1510 905 1591 aperto
954 1497 1285 1565 sanctiore
1336 1496 1570 1564 aerario
1613 1519 1696 1564 ex
1747 1495 1914 1562 urbe
1967 1494 2373 1589 profugeret.
2427 1524 2464 1560 n
2515 1495 2650 1564 Sed

491 1603 795 1696 profecto
826 1604 1171 1696 sequentia
1206 1600 1554 1671 refellunt:
1593 1625 1747 1669 nam
1783 1602 1938 1694 quia
1965 1603 2206 1670 mirum
2246 1615 2511 1696 poterat
2549 1603 2648 1670 vi·

490 1710 676 1797 deri,
718 1709 898 1802 quod
949 1708 1353 1804 relinqueret
1392 1720 1700 1802 apertum
1745 1709 2054 1779 aerarium
2107 1707 2528 1804 profugiens,
2563 1732 2648 1778 eo

490 1817 832 1910 subjungit
872 1842 887 1884 :
942 1845 976 1880 c<
1023 1817 1247 1886 Caesar
1286 1815 1461 1884 enim
1504 1813 1900 1899 adventare,
1933 1814 2072 1906 jam
2103 1815 2374 1908 jamque
2415 1814 2647 1884 adesse

488 1924 631 2016 ejus
673 1925 929 2018 equites
974 1921 1140 1991 falso
1182 1921 1702 1990 nuntiabantun
1741 1950 1778 1985 ³>
1825 1922 1916 1988 Et
1961 1945 2118 1988 sane
2159 1919 2284 1989 alia
2331 1945 2597 2015 quoque
2627 1976 2647 2010 ,
2735 1951 2738 1956 ·

488 2054 636 2123 quae
673 2055 812 2098 non
847 2030 1067 2101 minus
1098 2028 1341 2100 abeant
1376 2053 1415 2096 a
1443 2051 1642 2113 vern,
1679 2028 2002 2121 reperiet,
2035 2029 2150 2120 qui
2177 2051 2330 2096 cum
2367 2029 2648 2098 Caesaris

488 2136 981 2204 commentariis
1031 2133 1390 2212 contulerit
1430 2131 1866 2202 Plutarchum
1905 2134 1975 2201 in
2019 2134 2338 2228 Pompeio
2381 2147 2448 2204 et
2494 2137 2646 2206 Cae-

488 2266 675 2330 sare3
712 2243 869 2310 item
884 2242 1219 2326 Dionem,
1253 2241 1634 2333 Appianum
1657 2292 1676 2326 ,
1717 2241 2085 2325 Zonaram,
2111 2239 2533 2334 caeterosque.
2564 2243 2650 2310 Et

487 2347 919 2426 memorabile
956 2362 1093 2434 est,
1134 2345 1315 2439 quod
1349 2369 1556 2439 super
1587 2370 1668 2420 eo
1715 2345 1980 2438 aequalis
2023 2348 2339 2433 CaesariS,
2380 2347 2646 2416 Asinius

486 2453 735 2537 Pollio,
772 2455 1055 2546 scripsit.
1098 2450 1178 2520 Id
1222 2451 1415 2544 quale
1461 2453 1578 2538 sit,
1622 2451 1888 2520 docebit
1931 2452 2352 2546 Tranquillus
2397 2452 2508 2522 lib.
2552 2456 2584 2521 I
2628 2480 2645 2523 ε

496 2589 531 2624 c<
575 2559 785 2628 Pollio
820 2559 1089 2628 Asinius
1132 2582 1369 2651 parum
1405 2555 1794 2652 diligenter,
1824 2582 2208 2653 parumque·
2237 2561 2496 2655 integra
2530 2583 2642 2628 ve-

486 2668 682 2735 ritate
708 2656 1266 2760 (commentarios
1302 2656 1457 2754 eos)
1484 2666 1891 2758 compositos
1916 2679 2108 2758 putat
2137 2691 2151 2734 :
2183 2690 2400 2760 quum.
2422 2667 2646 2736 Caesar

485 2770 833 2866 pleraque,
873 2785 940 2840 et
964 2797 1113 2866 quae
1140 2795 1262 2866 per
1292 2769 1453 2841 alios
1480 2784 1674 2839 erant
1714 2785 1932 2865 gesta,
1963 2786 2213 2840 temere
2249 2771 2674 2862 crediderit,

486 2894 554 2948 et
593 2905 739 2974 quae
777 2904 897 2974 per
935 2902 1040 2965 se,
1078 2877 1183 2946 vel
1223 2875 1564 2962 consulte,
1609 2875 1716 2944 vel
1761 2878 1960 2944 etiam
2011 2879 2333 2948 memoria
2370 2877 2592 2974 lapsus
2623 2935 2644 2968 ‚

386 3015 389 3020 ·
485 2984 1199 3080 perperamediclerit:
1240 2984 1702 3075 existimatque
1731 2984 2250 3076 rescripturum,
2277 2999 2343 3054 et
2379 3009 2642 3056 correc-

486 3108 715 3161 turum
740 3090 959 3160 fuisse.
998 3119 1034 3155 >>
1074 3088 1367 3182 Reliquit
1398 3103 1465 3156 et
1499 3090 1723 3157 Caesar
1758 3089 2249 3183 ephemeridem
2271 3145 2292 3178 ,
2333 3092 2470 3160 sive
2501 3092 2640 3160 dia·

484 3201 657 3268 rium
694 3223 918 3267 rerum
962 3220 1002 3264 a
1038 3221 1105 3264 se
1151 3209 1509 3288 gestarum.
1531 3273 1535 3277 ,
1559 3196 1828 3264 Servius
1867 3197 1935 3263 in
1979 3199 2081 3264 XI
2118 3197 2266 3267 AEn.
2299 3227 2334 3262 c<
2374 3200 2450 3267 C.
2485 3201 2640 3268 Cae-

485 3331 627 3393 sar,
653 3330 861 3399 quum
888 3303 1235 3372 dimicaret
1259 3301 1325 3368 in
1351 3299 1596 3388 Gallia,
1627 3316 1694 3370 et
1723 3302 1806 3370 ab
1836 3301 2028 3372 hoste
2051 3317 2284 3397 raptus
2303 3329 2474 3398 equo
2499 3306 2638 3398 ejus

482 3426 866 3508 portaretur
896 3423 1225 3494 armatus,
1246 3409 1540 3479 occurrit
1567 3408 1836 3501 quidam
1867 3433 1948 3478 ex
1986 3409 2318 3497 hosti-buS,
2347 3413 2634 3504 quicum

483 3534 711 3588 nosset
735 3572 754 3607 ,
795 3531 863 3584 et
911 3513 1233 3584 insultans
1277 3515 1370 3581 ait
1394 3568 1413 3601 ,
1456 3517 1669 3585 Cecos
1717 3518 1960 3586 Coesar
2003 3540 2026 3584 .·
2072 3515 2252 3610 quod
2289 3516 2635 3588 Gallorum
2670 3565 2674 3572 ·

482 3625 739 3722 lingua,
763 3625 1082 3709 Dimitte,
1130 3620 1502 3716 significatr,
1539 3636 1608 3690 et
1643 3623 1736 3690 ita
1773 3620 2022 3690 factum
2063 3637 2192 3707 est,
2223 3637 2298 3692 ut
2339 3623 2636 3694 dimitte-

482 3748 685 3801 retur.
730 3733 889 3799 Hoc
940 3743 1162 3796 autem
1200 3730 1358 3822 ,ipse
1408 3731 1634 3796 Gaesar
1674 3729 1743 3794 in
1791 3727 2236 3822 Ephemeride
2277 3754 2396 3800 sua
2439 3730 2638 3819 dicit,

482 3841 603 3910 ubi
638 3837 979 3933 propriam
1012 3848 1497 3916 commemorat
1527 3832 1928 3906 felicitatem.
1980 3865 2015 3902 »
2056 3839 2278 3906 Immo
2313 3837 2640 3932 Epheme-

485 3945 693 4015 ridem
750 3947 828 4014 C.
877 3944 1156 4026 Caesaris
1206 3940 1432 4009 laudat
1480 3955 1548 4008 et
1589 3940 2065 4034 SymmachuS,
2108 3940 2219 4010 lib.
2271 3945 2402 4031 IV,
2443 3945 2636 4038 epist.

485 4075 703 4140 xvm,
738 4050 856 4120 ubi
884 4049 1157 4144 quidam
1178 4046 1379 4119 Balbi
1410 4045 1788 4142 intelligunt
1817 4047 2332 4142 Ephemeridem
2367 4049 2644 4120 Sidonio
