3017 5042
647 439 795 536 390
1540 435 1648 505 IN
1663 439 1727 506 l)
1744 438 1800 504 E
1815 439 1880 504 X

642 587 875 668 queat3
921 587 1127 666 utque
1161 567 1267 640 vel
1304 565 1502 664 hujus
1539 572 1634 640 rei
1673 584 1976 638 servetur
2012 565 2361 657 memoria,
2406 593 2614 662 quum
2655 594 2802 642 esse

644 681 867 768 desiit3
890 679 1026 766 vel,
1050 701 1259 772 quum
1282 677 1752 746 detrimentum
1777 674 2044 769 aliquod
2066 699 2258 770 passa
2283 683 2411 763 est,
2431 675 2798 770 plurimum

644 787 729 856 ad
762 811 907 855 eam
950 779 1038 854 ab
1077 785 1219 854 aliis
1254 783 1786 878 distinguendam
1831 782 2150 852 conferat.
2195 784 2302 850 Ita
2343 784 2548 877 igitur
2577 784 2798 855 domi-

648 895 831 961 nium
862 892 1169 986 aliquod,
1190 891 1345 960 licet
1366 915 1815 985 possessorem
1844 903 2090 975 mutet,
2111 887 2216 958 vel
2241 889 2328 956 ab
2350 891 2496 983 ipso
2523 889 2800 978 domino
2833 963 2838 970 ,

650 1002 756 1068 cui
800 999 881 1066 ad
930 999 1349 1093 superficiem
1392 1011 1724 1083 mutatur,
1755 1011 1908 1090 post
1943 995 2216 1089 longum
2264 1009 2572 1090 tempus,
2607 998 2806 1067 facile

650 1106 1096 1199 dignoscitur:
1146 1129 1375 1174 servus
1412 1128 1720 1198 quoque,
1755 1105 1807 1172 si
1848 1127 2096 1172 nomen
2129 1117 2348 1172 servet
2381 1129 2575 1172 suum
2596 1158 2615 1191 ,
2649 1103 2805 1174 licet

625 1211 853 1308 'heros
906 1211 1241 1280 multoties
1302 1225 1518 1280 mutet
1539 1265 1558 1297 ‚
1611 1210 1696 1278 ab
1747 1207 1888 1280 aliis
1939 1211 2144 1301 servis
2200 1208 2392 1282 facile
2444 1209 2804 1306 distingui-

656 1320 1007 1406 tun-‚Quin
1044 1321 1283 1404 imme,
1326 1342 1533 1412 quum
1577 1342 1686 1386 res
1729 1341 1874 1386 esse
1917 1316 2142 1404 desiit,
2179 1318 2502 1386 memoria
2543 1316 2692 1410 ejus
2737 1320 2802 1386 in

656 1427 925 1493 nomine
966 1439 1171 1494 restat
1188 1475 1207 1511 -‚
1252 1440 1321 1494 et
1358 1424 1441 1493 ad
1478 1425 1938 1518 posteritatem
1979 1446 2199 1517 usque
2224 1425 2730 1494 transmittitur:
2761 1427 2802 1493 ii

658 1533 858 1625 igitur
901 1518 1194 1624 graviter
1240 1546 1560 1626 peccant,
1604 1531 1719 1624 qui
1764 1529 1848 1598 de
1891 1531 2235 1600 existentia
2283 1531 2380 1600 rei
2423 1529 2802 1626 disputant,

658 1663 805 1732 quae
842 1661 1089 1733 nomen
1125 1640 1457 1734 integrum
1500 1638 1823 1722 servavit,
1870 1651 1938 1705 et
1977 1637 2046 1709 in
2091 1636 2444 1708 hominum
2485 1639 2804 1708 memoria

660 1759 1045 1814 constanter
1079 1748 1481 1840 permansit3
1521 1743 1702 1838 quod
1738 1744 1855 1839 qui
1901 1743 2186 1830 faciunt,
2227 1749 2494 1812 nomz'ae
2527 1747 2802 1840 pervul-

656 1867 857 1946 gatae
882 1845 971 1937 (ez
1002 1854 1076 1920 la
1100 1843 1437 1922 notoriete'
1446 1845 1828 1947 publique)
1863 1847 2110 1920 frustra
2137 1865 2517 1944 repugnant
2531 1905 2554 1938 ‚
2575 1853 2802 1922 omnia

664 1960 1098 2053 permiscent,
1130 1959 1440 2046 turbant,
1470 1957 1558 2026 ad
1587 1959 1935 2052 antiquum
1971 1957 2173 2028 chaos
2208 1957 2598 2043 tendentes3
2633 1958 2802 2055 quod

664 2067 907 2135 rationi
940 2064 1133 2134 simul
1164 2081 1231 2134 et
1258 2064 1389 2158 legi
1422 2066 1835 2134 contrarium
1869 2076 1988 2135 est
2021 2067 2234 2135 Porro
2259 2089 2514 2136 nomen
2539 2064 2802 2136 Uxello-

664 2172 825 2241 duni
849 2173 934 2240 ab
962 2172 1309 2240 hominum
1340 2173 1664 2240 memoria
1684 2171 1834 2240 loco
1855 2169 2038 2240 dicto
2065 2173 2129 2240 le
2139 2195 2296 2266 puy
2314 2168 2624 2242 d'Issolu
2645 2195 2799 2242 sem·

668 2304 791 2372 per
822 2293 891 2347 et
918 2278 1164 2371 ubique
1200 2279 1430 2346 datum
1468 2292 1602 2362 est,
1641 2302 1984 2371 nunquam
2025 2302 2184 2346 vero
2217 2263 2370 2346 urbi
2419 2278 2800 2373 Capdetwc

671 2387 929 2455 Omnes
961 2399 1185 2453 autem
1214 2386 1283 2452 in
1312 2384 1441 2454 hac
1470 2409 1544 2452 re
1578 2386 2028 2453 conveniunt:
2063 2385 2128 2454 le
2145 2408 2306 2480 puy
2325 2384 2399 2453 d'
2398 2387 2672 2472 Issolu,
2711 2385 2802 2454 vel

671 2493 891 2584 potius
934 2476 996 2558 d'
1010 2494 1256 2560 Ussolu
1299 2491 1473 2560 idem
1519 2506 1620 2560 est
1662 2515 1740 2561 ac
1793 2490 2334 2576 Uxellodunum,
2387 2491 2694 2562 effictum
2735 2517 2802 2562 ex

680 2597 866 2668 Uxel
882 2623 1045 2666 voce
1072 2597 1339 2683 celtica,
1360 2598 1538 2666 idem
1557 2611 1836 2666 sonante
1852 2619 1932 2666 ac
1947 2599 2238 2684 elatum,
2261 2597 2583 2684 sublime,
2607 2600 2802 2670 excel·
2865 2661 2872 2670 .

670 2729 818 2773 sum
830 2759 853 2791 ‚
886 2720 953 2774 et
974 2706 1115 2773 dun
1144 2705 1557 2799 significante
1585 2705 2038 2774 summitatem
2063 2703 2371 2798 aliquam.
2412 2707 2598 2777 Uxel
2602 2705 2796 2789 -durz,

673 2813 1129 2900 mons-elatus
1142 2865 1162 2898 ,
1198 2811 1379 2905 quod
1406 2813 1628 2882 Latini
1653 2811 1968 2881 dixerunt·
1979 2804 2480 2882 Uxellodunum
2509 2811 2729 2882 effecit
2751 2813 2803 2880 le

656 2936 817 3014 pay
848 2919 1141 3004 d'Eoeel,
1182 2919 1471 3004 d'Uxel,
1504 2919 1809 3003 d'Ussel,
1851 2917 2212 3004 d'Ussolu,
2247 2933 2370 2987 etc.
2395 2971 2415 3003 ‚
2445 2943 2596 3012 qum
2624 2943 2802 2990 voces

674 3024 977 3092 eamdem
1004 3027 1209 3094 menti
1240 3026 1598 3118 imaginem
1625 3024 1937 3094 offerunt.
1962 3026 2239 3094 Veteres
2262 3026 2502 3096 Franci
2531 3050 2656 3120 pro
2681 3025 2802 3095 dun

676 3131 983 3200 dixerunt
1010 3135 1125 3200 ῖοιι
1142 3132 1351 3226 pech,
1374 3133 1776 3201 recentiores
1804 3133 1868 3200 le
1879 3155 2066 3226 puy,
2093 3145 2612 3226 repraesentans,
2631 3131 2798 3202 sicuti

674 3259 807 3306 vox
855 3237 1087 3307 celtica
1124 3239 1265 3307 dun
1284 3289 1305 3325 ,
1358 3240 1809 3308 summitatem
1849 3237 2157 3332 aliquam.
2197 3240 2304 3311 Ita
2339 3239 2546 3332 igitur
2581 3240 2648 3308 Ze
2670 3257 2803 3335 puy·

672 3345 975 3414 d'Issolu
1004 3345 1179 3418 idem
1213 3360 1423 3414 est-ac
1457 3348 2055 3414 UxELLonnNmu.
2083 3343 2612 3418 Multum‘sudat
2642 3347 2796 3414 criti·

680 3477 797 3520 cus
825 3467 1081 3538 noster,
1106 3467 1183 3520 ut
1212 3451 1455 3547 probet
1488 3451 1737 3520 multos
1763 3449 1948 3522 locos
1982 3449 2158 3521 idem
2191 3473 2438 3524 nomen
2475 3452 2798 3532 habuisse,

679 3557 885 3627 veluti
924 3561 1290 3629 Issoudun'
1310 3554 1490 3653 apud
1527 3561 1949 3628 Cenomanos
1967 3612 1990 3646 ,
2013 3558 2372 3648 ‚Issoudun
2407 3558 2589 3652 apud
2629 3560 2796 3630 Bitu·

678 3666 881 3760 riges,
914 3667 1189 3736 Uxelles
1214 3667 1283 3733 in
1314 3664 1737 3761 Burgundia3
1761 3666 1922 3734 citat
1947 3676 2020 3736 et·
2036 3664 2198 3734 alios
2225 3663 2592 3759 appellatos
2617 3664 2790 3744 Uzel,

687 3775 910 3859 Ussel,
954 3775 1163 3860 Issel,
1207 3774 1469 3858 Issoul‚
1513 3787 1638 3841 etc.
1684 3774 1772 3840 At
1810 3773 1916 3840 isti
1954 3770 2119 3858 loci,
2156 3770 2260 3839 vel
2299 3785 2488 3842 extra
2519 3769 2792 3842 Catus-ci·

681 3897 843 3946 num
890 3879 1121 3947 orbem
1162 3879 1305 3966 siti,
1338 3878 1445 3948 vel
1486 3881 1659 3948 intra
1700 3879 1865 3948 fines
1901 3825 2406 3962 Cadini-corum,
2439 3878 2556 3949 sed
2589 3877 2790 3946 cadem

681 3986 1003 4074 positione
1044 4011 1175 4080 qua
1209 3985 1739 4071 Uxellodunum,
1775 3986 2004 4070 locati,
2042 4011 2180 4054 non
2218 3999 2374 4054 sunt
2409 3979 2790 4058 contentioni

681 4091 964 4162 obnoxii.
1002 4096 1229 4162 Unum
1264 4108 1521 4163 tantum
1556 4093 1778 4163 locum
1810 4092 2096 4187 profert,
2135 4115 2273 4162 non
2304 4090 2502 4185 longe
2526 4093 2610 4162 ab
2630 4080 2796 4158 Uxel-
