3017 5042
559 395 651 470 16
1137 395 1214 463 C.
1270 392 1565 462 JULH
1620 392 2106 464 CAESARIS

552 537 852 606 Patareu-
889 551 1030 599 non
1071 527 1166 597 ab
1214 529 1350 598 illas
1394 530 1723 600 Catonem
1741 580 1764 615 ,
1812 528 1944 598 sed
1976 529 2133 598 illos
2169 551 2221 598 a
2268 531 2534 600 Catone
2574 531 2704 602 de-

539 637 943 736 prehensos.
981 637 1293 704 Potuitne
1319 633 1469 729 plus
1502 637 1915 706 auctoritatis
1942 637 2146 704 tribui
2177 637 2461 725 Catoni,
2500 663 2704 732 quam

556 747 612 815 si
655 743 876 816 ebrius
917 757 1056 811 tam
1100 740 1496 811 venerabilis
1545 740 1728 811 erat?
1779 743 2045 812 Nostrae
2098 755 2325 812 tamen
2380 767 2585 814 coenae
2628 760 2709 815 ut

556 864 917 946 apparatus
943 865 1011 919 et
1038 848 1386 944 impendii,
1414 850 1513 918 sic
1542 850 1862 944 temporis
1890 849 2128 918 modus
2155 864 2433 920 constet.
2464 853 2707 947 Neque

555 961 734 1027 onim
758 958 804 1025 ii
827 980 1088 1043 sumuS,
1117 981 1284 1049 quos
1307 960 1691 1050 vituperare
1717 979 1803 1022 ne
1832 957 2079 1025 inimici
2103 957 2370 1050 quidem
2393 973 2710 1053 possunt,

557 1065 685 1134 nisi
727 1078 802 1132 ut
845 1061 1042 1133 simul
1078 1061 1365 1133 laudent.
1403 1065 1529 1132 Ex
1569 1063 1748 1131 Plin.
1794 1062 1905 1131 lib.
1945 1065 2103 1150 ΙΙΙ,
2149 1066 2377 1161 Epist.
2431 1087 2456 1131 1
2475 1088 2543 1132 2.

665 1172 744 1241 C.
789 1171 987 1238 etiam
1026 1171 1282 1256 Caesar‚
1320 1170 1539 1264 gravis
1574 1181 1809 1237 auctor
1847 1167 2086 1264 linguae
2117 1172 2373 1239 Latinae
2392 1222 2412 1256 ‚
2449 1172 2517 1237 in
2558 1170 2709 1239 An-

558 1279 902 1348 ticatone:
955 1280 1196 1363 UniuS,
1245 1277 1494 1369 inquit,
1530 1281 1997 1370 arrogantia»,
2038 1276 2543 1373 superbiaeque,
2584 1276 2707 1347 do·

559 1381 1034 1478 mittamque&
1077 1385 1203 1452 Ex
1240 1383 1334 1451 A.
1386 1382 1560 1455 Gell.
1600 1381 1714 1452 lab,
1758 1385 1894 1471 IV,
1936 1407 1991 1450 e.
2044 1381 2156 1452 16.

637 1573 749 1640 De
781 1571 851 1641 C.
889 1571 1058 1640 Iulis·
1095 1570 1394 1641 Caesank
1434 1572 1508 1637 in
1557 1571 1887 1639 Catonem
1921 1515 2195 1664 scriptis
2226 1574 2639 1640 testimonia.

668 1745 903 1836 Qualis
948 1745 1180 1814 futura
1220 1745 1304 1815 sit
1345 1747 1625 1814 Caesaris
1659 1745 2062 1839 vituperatio
2113 1759 2348 1815 contra
2388 1744 2713 1818 laudatio-

566 1878 719 1924 nem
767 1877 986 1922 meam
1007 1905 1028 1941 ‚
1064 1853 1373 1947 perspexi
1421 1877 1502 1920 ex
1545 1876 1627 1920 eo
1669 1849 1839 1919 libro
1862 1904 1882 1939 ‚
1922 1877 2120 1946 quem
2173 1854 2426 1922 Hirtius
2474 1853 2559 1924 ad
2602 1880 2714 1924 me
2830 1895 2837 1907 ·

566 1962 777 2049 misit,
803 1961 874 2028 in
908 1984 1043 2054 quo
1085 1957 1336 2053 colligit
1362 1959 1523 2026 vitia
1562 1959 1872 2045 Catonis,
1902 1958 2018 2026 sed
2046 1983 2199 2028 cum
2232 1961 2534 2030 maximis
2570 1959 2715 2031 lau·

567 2068 762 2137 dibus
802 2067 989 2136 meiS.
1036 2068 1272 2159 Itaque
1313 2065 1461 2132 misi
1517 2063 1761 2132 librum
1813 2063 1898 2133 ad
1934 2067 2241 2134 Muscam
2270 2119 2290 2154 ‚
2343 2081 2417 2135 ut
2460 2069 2589 2136 tuis
2634 2066 2713 2136 li-

567 2175 801 2243 brariis
829 2173 1061 2242 daret:
1089 2171 1246 2241 volo
1279 2172 1456 2242 enim
1479 2195 1635 2240 eum
1660 2169 2007 2264 divulgari.
2039 2175 2165 2242 Ex
2202 2175 2335 2256 Cic.
2368 2173 2473 2242 ad
2494 2175 2712 2244 Attio.

567 2281 680 2350 lib.
724 2282 891 2350 XII.
937 2281 1074 2375 Ep.
1125 2281 1247 2364 4ο.

673 2387 875 2455 Hirtii
912 2383 1259 2480 epistolam
1298 2388 1350 2454 si
1386 2384 1623 2482 legeris
1642 2439 1661 2472 ‚
1699 2409 1846 2479 quae
1888 2383 2052 2454 mihi
2096 2386 2281 2480 quasi
2336 2389 2719 2482 πρόπλασμσι

569 2493 834 2563 videtur
872 2493 1014 2587 ejus
1053 2494 1563 2586 vituperationis
1584 2546 1603 2578 ‚
1657 2515 1858 2585 quam
1900 2497 2125 2564 Caesar
2163 2494 2426 2588 scripsit
2459 2494 2543 2565 de
2586 2497 2718 2566 Ca-

569 2613 746 2672 tone.
783 2602 910 2669 Ex
943 2599 1056 2668 lib.
1093 2603 1274 2688 XII,
1322 2599 1428 2668 ad
1453 2601 1671 2669 Attio.
1715 2603 1851 2697 Ep.
1900 2603 2020 2686 [μ.

681 2708 915 2796 Quum
954 2706 1119 2775 mihi
1158 2707 1404 2776 Balbus
1446 2731 1663 2800 nuper
1695 2709 1765 2773 in
1802 2709 2153 2778 Lanuvino
2196 2708 2496 2795 dixisset,
2539 2731 2609 2776 se
2652 2721 2723 2776 et

468 2869 471 2874 Α
575 2815 876 2910 Oppium
919 2815 1256 2908 scripsisse
1295 2813 1380 2882 ad
1425 2815 1793 2901 Caesarem,
1816 2839 1923 2883 me
1964 2813 2197 2910 legisse
2240 2813 2443 2884 libros
2484 2827 2722 2884 contra

576 2925 944 3008 Catonem,
983 2935 1053 2989 et
1086 2920 1519 2990 vehementer
1566 2917 1967 3014 probassc²⁰.
2004 2924 2131 2992 Ex
2160 2925 2295 3004 Cic.
2343 2920 2457 2991 lib.
2493 2923 2720 3008 XIII,

574 3028 680 3097 ad
714 3018 931 3097 Atcic.
963 3029 1099 3124 Ep.
1155 3023 1272 3096 5ο.

685 3134 950 3223 Quibus
986 3134 1296 3201 omnibus
1333 3134 1687 3227 generibus
1731 3130 1889 3204 usus
1925 3150 2026 3204 est
2061 3136 2257 3204 nimis
2297 3133 2724 3228 impudenter

579 3244 803 3313 Caesar
839 3254 1076 3309 contra
1111 3241 1439 3310 Catonem
1481 3265 1726 3310 meum.
1755 3246 1825 3311 Ε
1825 3265 1882 3312 ,τ
1919 3246 2055 3311 Cic,
2104 3245 2333 3339 Topic.
2371 3266 2429 3310 c.
2474 3235 2592 3312 25.

685 3350 782 3416 M.
823 3348 1165 3416 Ciceronis
1204 3345 1410 3435 libro,
1451 3372 1588 3442 quo
1629 3351 1955 3418 Catonem
2000 3348 2170 3418 coelo
2211 3350 2528 3444 aequavit‚
2560 3347 2725 3442 quid
2814 3339 2827 3350 ’

577 3454 762 3525 aliud
785 3453 1072 3522 dictator
1104 3455 1358 3541 Caesar,
1385 3477 1588 3549 quam
1620 3457 1940 3551 rescripta
1965 3458 2268 3525 oratione
2284 3509 2304 3544 ‚
2332 3453 2518 3524 velut
2541 3453 2723 3549 apud

573 3562 829 3659 judices
869 3559 1258 3655 respondit?
1290 3564 1417 3631 Ex
1465 3563 1695 3631 Taciti
1724 3561 1834 3630 lib.
1877 3565 1999 3631 IV
1999 3615 2024 3649 ,
2066 3563 2335 3632 Annal.
2373 3587 2430 3631 c.
2472 3559 2591 3648 34.

674 3765 697 3799 1
711 3765 763 3815 9.
795 3746 1066 3797 Dominatu
1095 3763 1196 3816 pro
1226 3745 1520 3807 dominatui,
1548 3758 1611 3799 ut
1698 3746 1918 3810 Cicero,
1932 3764 2044 3798 non
2057 3744 2222 3798 modo
2235 3765 2345 3798 non
2363 3747 2728 3802 controversia

585 3827 779 3898 passim
799 3823 1032 3878 vidimus
1059 3824 1115 3877 in
1147 3825 1446 3878 Commeat.
1479 3845 1613 3877 εει-εμ-
1698 3826 2005 3891 irritantur,
2024 3825 2118 3880 sed
2148 3839 2202 3879 et
2224 3826 2421 3897 scripta
2446 3826 2730 3897 utriusque

583 3909 707 3970 citu,
741 3923 843 3977 pro
873 3905 1143 3958 exercitui.
1698 3905 1927 3958 invicem
1956 3905 2177 3959 laudant
2206 3924 2266 3958 ac
2301 3907 2561 3977 probant3
2590 3924 2729 3978 prm·

673 4004 765 4038 πο.
783 3985 836 4035 V
833 3985 981 4038 ehem.
988 3985 1239 4056 probasse.
1253 3984 1338 4036 Ita
1348 3983 1460 4038 duo
1471 4003 1609 4056 proe·
1697 3986 1903 4040 clu-um
1946 3987 2143 4040 nostris
2178 3981 2455 4040 hodiernis
2492 3985 2729 4058 politicis

585 4065 893 4120 stantissimi
919 4065 1190 4130 homines,
1211 4065 1320 4124 scil.
1353 4066 1527 4128 Caesar
1556 4077 1611 4120 et
1698 4066 1937 4138 scriptor.
1976 4066 2243 4137 exemplar
2290 4066 2723 4138 proponendum.
