3017 5042
663 413 807 484 190
1539 352 1898 450 INDE'X

653 509 993 613 wa'nees
1006 515 1155 602 ‚des
1185 505 1461 586 'Laudes
1487 531 1556 583 et
1591 515 1685 584 du
1727 517 1917 584 Gers.
1955 514 2328 608 Aquitani,
2377 518 2471 586 ait
2503 517 2791 610 strabo,

653 625 765 694 lib.
813 647 887 694 1v
912 677 929 710 ,
979 645 1028 691 a
1070 622 1343 715 reliquis
1394 622 1618 691 Gallis
1668 635 1810 688 tum
1857 643 2212 715 corporum
2265 629 2786 716 constitutione,

653 748 795 800 tum
816 733 1054 822 lingua
1070 728 1439 820 dffirunt,
1462 731 1818 820 magisque
1840 742 2003 794 sunt
2017 729 2491 824 Hispanorum
2513 735 2792 802 similes.

654 891 669 904 .
688 890 702 905 .
724 889 736 903 .
757 889 771 905 .
797 839 1204 928 Aquitaniae
1231 834 1449 904 solum
1466 884 1488 918 ,
1521 833 1714 927 quod
1731 848 1839 900 est
1855 831 1960 902 ad
1972 833 2160 901 littus
2191 835 2488 922 Oceani,
2525 839 2798 930 majore

651 948 764 1011 sui
777 957 993 1036 parte
1009 963 1370 1008 arenosum
1394 954 1503 1007 est
1521 933 1551 1026 (
1570 937 1927 1007 hodienum
1953 939 2051 1006 les
2081 934 2402 1030 Landes)
2425 958 2514 1010 et.
2542 960 2791 1033 tenue,

642 1050 833 1140 'milio
871 1048 1095 1132 alens,
1154 1047 1564 1139 reliquarum
1582 1043 1881 1138 stugum
1933 1049 2153 1114 minus
2165 1046 2407 1137 ferax
2416 1100 2555 1117 .....
2597 1050 2806 1146 apud

650 1179 768 1224 eos
806 1169 969 1222 sunt
1004 1156 1165 1220 auri
1190 1152 1475 1220 metalla
1504 1143 1766 1236 (Caesar
1805 1164 2066 1236 contra,
2113 1150 2154 1220 l.
2195 1176 2276 1222 111
2293 1206 2312 1239 ‚
2341 1178 2399 1222 c.
2437 1181 2478 1223 2
2499 1178 2524 1223 1
2555 1157 2803 1251 :apud

652 1285 771 1329 eos
799 1264 1077 1328 cerarioe
1096 1249 1676 1343 strieturae-sunt):
1693 1255 1998 1345 infossis
2023 1262 2200 1327 enim
2223 1283 2366 1328 non
2391 1262 2538 1328 alte
2573 1268 2792 1350 actis,

650 1371 1073 1436 inveniuntur
1116 1370 1277 1432 auri
1308 1365 1604 1431 laminoe·
1637 1385 1912 1430 manum
1959 1364 2312 1458 implentes
2331 1419 2354 1451 ,
2403 1368 2796 1461 aliquando

652 1477 911 1565 exigua
963 1469 1338 1563 indigentes
1393 1473 1922 1563 repurgatione,·
1976 1471 2304 1564 reliquum
2359 1489 2690 1543 ramenta
2731 1489 2802 1543 et

648 1577 877 1672 glebae
892 1592 1048 1644 sunt
1056 1630 1078 1663 ,
1096 1581 1269 1672 ζωαὶ
1291 1599 1560 1669 quoque
1577 1598 1716 1643 non
1743 1574 2022 1642 multum
2045 1583 2272 1671 operis
2298 1576 2793 1648 desiderantes.

654 1683 1170 1752 Mediterranea
1218 1697 1444 1749 autem
1495 1696 1570 1748 et
1598 1696 1934 1749 montana
1975 1704 2216 1775 agrum
2259 1683 2528 1753 habent
2561 1687 2793 1755 melio.

654 1814 814 1858 rem.
863 1787 1095 1883 Populi
1156 1788 1517 1882 Aquitaniae
1555 1812 1594 1854 a
1634 1789 1894 1856 Caesare
1934 1790 2313 1876 memorati,
2354 1804 2511 1858 sunt
2562 1796 2645 1862 V
2631 1816 2794 1862 oca·

656 1913 757 1964 tes
768 1950 791 1982 ‚
839 1894 1295 1988 Nitiobriges,
1342 1897 1709 1964 Cocosates
1722 1943 1744 1978 ‚
1787 1895 2088 1962 Sotiates
2101 1949 2124 1981 ‚
2168 1897 2500 1965 Elusates
2517 1950 2543 1984 ,
2603 1902 2794 1968 Gari-

655 2019 757 2070 tes
770 2056 793 2088 ‚
828 2003 1093 2085 Ausci,
1132 2003 1518 2089 ‘Tarusates
1533 2053 1555 2085 ,
1598 1999 1952 2068 Sibusates
1964 2053 1986 2085 ,
2026 2004 2357 2070 Preciani
2367 2055 2389 2088 ,
2448 2003 2786 2089 Tarbelli,

655 2113 1061 2200 Bigerrones
1100 2120 1167 2174 et
1217 2109 1566 2175 Garumni.
1603 2106 1928 2191 Quamvis
1969 2105 2318 2176 hominum
2362 2108 2792 2179 multitudine

654 2212 1183 2305 frequentissima
1204 2209 1493 2298 dicatur,
1517 2209 1600 2278 de
1619 2236 1897 2279 numero
1917 2226 2140 2281 tamen
2165 2238 2302 2281 non
2329 2217 2486 2283 satis
2506 2230 2789 2286 constat.

762 2323 997 2404 Ama,
1024 2317 1262 2384 fluvius
1294 2314 1526 2385 Galliae
1554 2316 1821 2385 Celticae
1851 2309 1960 2404 (B.
1988 2321 2071 2387 G.
2091 2343 2147 2405 1,
2187 2343 2213 2388 1
2233 2311 2328 2406 2).
2353 2323 2532 2389 Fons
2561 2321 2706 2415 ejus
2726 2324 2790 2389 in

655 2427 923 2518 Vogeso
969 2436 1196 2490 monte
1242 2423 1381 2517 47⁰
1428 2414 1702 2517 {long.,
1741 2425 1829 2508 4⁰
1867 2420 1907 2505 ξ
1941 2422 2051 2492 lat.
2075 2476 2095 2511 ‚
2134 2425 2350 2494 influit
2393 2427 2462 2494 in
2518 2427 2788 2496 Rhoda-

656 2554 817 2598 num
863 2525 1003 2613 450
1050 2525 1092 2610 ξ
1129 2527 1275 2614 lat.,
1326 2530 1411 2596 2⁰
1460 2525 1500 2610 ξ
1543 2527 1717 2623 long.
1764 2530 1823 2596 A
1867 2544 2091 2598 monte
2131 2532 2342 2624 ,igitur
2391 2557 2601 2626 supra
2656 2559 2789 2602 me·

656 2650 947 2719 moratu,
970 2660 1089 2729 per
1100 2636 1554 2727 Sequanorum
1592 2649 1662 2702 et
1694 2632 2059 2704 AEduorum
2097 2635 2262 2704 fines
2293 2638 2500 2706 fluere
2524 2639 2787 2724 dicitur,

656 2766 823 2834 quos
860 2741 1108 2809 dividit.
1141 2741 1530 2809 Ammianus
1565 2737 2024 2828 MarcellinuS‚
2069 2745 2184 2835 qui
2227 2745 2404 2812 circa
2443 2768 2599 2814 ann.
2640 2743 2786 2816 380

656 2848 922 2915 vivebat
942 2901 960 2934 ,
987 2849 1237 2940 primus
1263 2846 1393 2914 hoc
1430 2846 1679 2913 flumen
1703 2849 2050 2915 Saconam
2079 2862 2309 2932 vocat;
2335 2850 2514 2918 unde
2547 2851 2788 2920 infimae

656 2952 989 3022 latinitatis
1013 2954 1365 3046 scriptores
1380 2955 1801 3037 Sauconam‚
1827 2951 2058 3045 gallice
2083 2955 2158 3025 la
2177 2951 2428 3024 Satine.
2450 2958 2632 3026 Fons
2653 2958 2788 3051 ejus

655 3059 999 3150 inVogeso
1024 3071 1276 3143 monte,
1290 3057 1478 3149 juxta
1492 3053 1910 3142 Plombiere,·
1934 3057 2170 3128 deinde
2193 3059 2323 3128 leni
2353 3086 2589 3149 cursu,
2606 3078 2785 3158 post-

653 3188 851 3256 quam
904 3162 1089 3231 alluit
1134 3161 1644 3256 Magetobriam
1672 3215 1694 3247 ,
1762 3162 2182 3234 Cabillonum
2206 3219 2226 3251 ,
2276 3171 2736 3238 Matisconem
2756 3222 2779 3256 ‚

652 3268 863 3338 undas
891 3293 1040 3337 suas
1075 3292 1227 3336 cum
1265 3267 1596 3336 Rhodano
1626 3268 1892 3354 miscet,
1913 3269 2102 3362 juxta
2133 3272 2365 3342 urbem
2399 3276 2786 3369 Segusiauo-

652 3401 839 3460 rum,
878 3375 1122 3443 dictam
1162 3373 1586 3468 postmodum
1633 3377 1844 3467 Lyvn.
2319 3452 2324 3462 ⁸

757 3483 1161 3550 ARDUENNA
1191 3480 1353 3549 silva
1383 3472 1503 3567 (B.
1538 3482 1622 3547 G.
1647 3503 1730 3565 v,
1775 3478 1855 3561 3;
1888 3504 1998 3567 vl,
2045 3473 2190 3576 29).
2234 3485 2418 3552 Inter
2449 3489 2594 3580 490
2641 3478 2682 3575 ἦ
2719 3500 2784 3554 et

658 3575 795 3657 ¹50⁰
836 3585 878 3670 {-
907 3585 1068 3654 latit.
1107 3589 1195 3657 0⁰
1221 3584 1264 3668 {—
1285 3600 1352 3653 et
1388 3582 1472 3654 5⁰
1498 3582 1545 3671 ξ
1577 3583 1894 3680 longitud.
1922 3591 2166 3681 Ingens
2196 3587 2352 3658 olim
2393 3606 2570 3678 erat,
2609 3616 2780 3660 nunc

651 3695 937 3762 maxima
969 3707 1157 3786 parte
1190 3693 1444 3777 excisa3
1496 3705 1565 3758 et
1603 3693 1693 3759 ita
1733 3715 1876 3760 eam
1917 3691 2228 3762 describit
2264 3695 2477 3766 Julius
2521 3695 2777 3768 Celsus:

648 3804 787 3868 Per
825 3798 1275 3868 Arduennam
1304 3796 1564 3889 sylvam
1607 3803 1982 3866 maximam
2016 3807 2312 3871 omnium
2354 3805 2738 3872 Galliarum
2751 3855 2773 3888 ‚

648 3928 807 3996 quae
841 3911 1017 3973 inter
1053 3906 1357 3973 Treviros
1384 3904 1804 3996 Nerviosque
1837 3920 1911 3972 et
1943 3906 2232 3975 Rbemos
2263 3911 2371 3995 D,
2411 3926 2488 3978 et
2515 3935 2598 3978 eo
2636 3933 2776 3978 am·

645 4010 833 4102 plius
854 4034 1192 4108 passuum
1223 4008 1520 4081 millibus
1539 4062 1562 4097 ,
1603 4015 1676 4079 in
1717 4010 1989 4105 longum
2003 4064 2026 4099 ,
2077 4017 2182 4082 ita
2220 4020 2398 4084 enim
2433 4016 2777 4111 proditum
