3017 5042
676 456 779 555 96
1140 456 1930 527 SUPPLEMENTA
1982 456 2344 549 νΑιιιΑ,

669 591 891 677 subae,
909 602 977 659 et
997 588 1222 658 forsan
1248 587 1389 658 aliis
1412 612 1588 682 quae,
1615 588 1904 684 partium
1927 591 2145 684 campi
2171 615 2370 684 quem
2389 594 2799 688 occupabant

586 700 591 711 “
668 695 1176 765 muniendarum
1202 718 1438 783 causa,
1466 687 1929 783 confecerant)
1949 692 2272 785 educunt,
2290 711 2357 766 et
2375 704 2798 793 supercilium

665 803 1017 897 quoddam
1048 800 1382 871 excelsum
1422 802 1604 869 nacti
1640 826 1776 869 non
1813 800 2010 897 longe
2040 824 2080 871 a
2113 804 2502 874 Caesarianis
2532 809 2761 879 castris
2777 863 2797 901 ,

668 911 877 979 aciem
930 909 1371 995 constituunt,
1422 920 1624 1001 atque
1662 907 1754 975 ibi
1807 910 2194 979 consistunt.
2245 912 2417 979 Item
2465 914 2690 982 Caesar
2737 916 2800 983 in

666 1040 907 1109 campo
946 1028 1016 1082 et
1056 1028 1209 1082 ante
1245 1038 1396 1083 suas
1446 1014 1848 1083 munitiones
1895 1015 2121 1109 copias
2169 1014 2457 1109 explicat
2506 1043 2678 1089 suas.
2719 1021 2800 1089 At

667 1121 738 1190 id
772 1121 1201 1216 supercilt’wn
1228 1144 1345 1189 sua
1384 1120 1780 1189 auctoritate
1819 1121 2013 1215 fingit
2043 1122 2466 1193 Guarchardt
2492 1122 2796 1195 lacunam

665 1227 937 1321 longam
972 1218 1114 1315 (un
1148 1219 1393 1316 ravin)
1431 1252 1578 1320 quae
1617 1250 1932 1321 campum
1963 1242 2142 1297 secat
2179 1252 2218 1296 a
2259 1228 2562 1299 convalle
2591 1256 2795 1327 usque

666 1334 754 1403 ad
792 1334 1030 1401 urbem
1069 1334 1371 1421 Uzitam3
1415 1334 1693 1421 rectius,
1739 1338 1970 1403 nostro
2014 1332 2264 1427 judicio
2285 1388 2306 1423 ‚
2339 1338 2658 1409 Lo-looz
2673 1392 2697 1427 ,
2737 1353 2799 1409 et

664 1440 826 1535 post'
852 1464 1007 1508 eum
1058 1442 1313 1535 Turpia
1348 1438 1437 1509 de
1474 1431 1698 1510 Crasse
1731 1439 1896 1509 nihil
1929 1438 2109 1509 aliud
2145 1440 2213 1509 id
2249 1466 2401 1511 esse·
2425 1444 2798 1514 existimant

668 1571 869 1640 quam
898 1543 1234 1615 tumulum
1262 1545 1579 1641 aliquem,
1606 1544 1714 1615 vel
1742 1545 2021 1633 clivum,
2049 1546 2276 1640 quales
2308 1549 2375 1616 in
2413 1552 2595 1618 omni
2631 1575 2796 1644 qua-

664 1651 828 1722 libet
870 1650 1139 1746 planitie
1182 1677 1355 1747 saepe
1406 1654 1754 1740 visuntur-3
1803 1655 1919 1746 qui
1961 1651 2290 1741 tumulus,
2337 1655 2511 1724 inter
2563 1657 2794 1727 urbem

662 1774 731 1827 et
758 1756 957 1829 colles
987 1760 1181 1846 situS‚
1206 1760 1335 1828 erit
1354 1758 1541 1828 locus
1563 1759 1954 1853 impeditus,
1979 1757 2065 1828 de
2095 1784 2228 1853 quo
2252 1761 2478 1831 Caesar
2503 1760 2792 1856 loquitur

664 1866 879 1960 capite
919 1860 1037 1934 58.

769 1972 1018 2040 Porro
1000 1997 1055 2040 is
1082 1971 1211 2040 fuit
1233 1985 1676 2066 utrorumque
1696 1973 2105 2041 exercituum
2134 1972 2302 2043 ordo
2313 1989 2388 2043 et
2407 1974 2750 2070 dispositio
2777 2003 2792 2043 :

662 2079 883 2172 Scipio
910 2076 1195 2146 collocat
1227 2078 1297 2144 in
1334 2076 1554 2146 fronte
1583 2102 1733 2149 suas
1762 2093 1832 2147 et
1858 2081 1896 2146 J
1899 2080 2046 2149 ubae
2068 2079 2358 2176 legiones
2393 2106 2640 2151 novem
2669 2106 2794 2150 nu-

664 2209 850 2255 mero
879 2208 1082 2278 supra
1103 2185 1570 2279 supercilium,
1604 2208 1721 2253 seu
1749 2185 2121 2271 tumulum3
2156 2201 2388 2281 postea
2406 2240 2426 2275 ‚
2461 2188 2712 2258 scilicet
2730 2180 2794 2257 in

662 2289 955 2361 secunda
990 2292 1161 2407 acie,
1189 2290 1544 2408 Numidas,
1573 2291 1690 2359 sed
1721 2293 1816 2360 ita
1843 2306 2228 2361 extenuatos
2255 2307 2325 2362 et
2350 2295 2793 2390 propinquos,

658 2412 736 2467 ut
770 2420 927 2465 cum
946 2396 1162 2489 prima
1198 2398 1336 2465 acie
1368 2420 1574 2465 unam
1609 2398 2042 2492 eamdemque
2073 2397 2459 2469 viderentur
2485 2401 2752 2471 efficere
2774 2456 2793 2487 ,

581 2536 585 2548 ·
659 2516 1103 2599 praeterquam
1156 2501 1336 2594 quod
1386 2504 1455 2571 in
1501 2518 1788 2597 utroque
1842 2529 2056 2574 cornu
2107 2508 2354 2575 extenti
2407 2510 2624 2601 magis
2679 2508 2794 2577 du·

656 2610 899 2705 plicem
944 2607 1318 2701 praeberent
1364 2610 1593 2677 aciem.
1643 2598 2054 2703 Elephantos
2115 2611 2348 2681 dextra
2403 2615 2790 2708 sinistraque

658 2716 980 2801 collocat,
1028 2713 1389 2806 aequalibus
1440 2713 1801 2783 intervallis
1851 2716 2210 2809 interjectis
2263 2710 2293 2805 (
2320 2720 2597 2813 triginta
2667 2720 2790 2789 ele·

656 2822 891 2918 phanti
943 2833 1133 2888 erant
1187 2820 1257 2888 in
1312 2834 1592 2919 utraque
1639 2786 1830 2913 paite
1863 2814 1931 2910 );
1973 2847 2014 2890 a
2053 2836 2242 2918 tergo
2285 2822 2788 2945 elephantorum

655 2941 1025 2998 armaturas
1048 2925 1224 2994 leves
1258 2939 1326 2994 et
1350 2925 1718 3013 Numidas3
1749 2931 2120 3020 equitatum
2148 2929 2498 2999 fraenatum
2525 2934 2788 3001 univer-

654 3061 803 3105 sum
834 3036 902 3102 in
940 3031 1173 3100 dextro
1202 3045 1461 3100 tantum
1496 3056 1710 3101 cornu
1745 3032 2036 3126 disponit
2063 3058 2078 3103 ε
2119 3059 2278 3104 nam
2321 3037 2663 3106 sinistrum
2707 3039 2787 3107 ab

651 3142 819 3211 urbe
855 3140 1053 3207 Uzita
1082 3136 1547 3225 claudebatur,
1583 3152 1651 3205 et
1701 3140 1774 3225 in
1818 3154 1966 3209 tuto
2003 3155 2167 3213 erat.
2212 3142 2522 3211 Numidae
2565 3159 2786 3214 autem

654 3246 941 3333 infraeni,
968 3268 1231 3313 necnon
1266 3244 1428 3313 levis
1465 3257 1820 3314 armaturae
1855 3246 2113 3315 infinita
2142 3245 2498 3319 multitudo
2530 3244 2788 3348 longius

650 3379 691 3423 a
719 3368 907 3448 tergo
934 3353 1097 3421 aciei
1120 3351 1206 3419 ad
1230 3350 1532 3419 dextram
1558 3365 1817 3444 partem
1833 3406 1852 3439 ‚
1877 3369 1945 3422 et
1971 3353 2056 3421 ad
2084 3354 2337 3423 radices·
2365 3356 2550 3425 collis
2579 3362 2786 3453 magis

653 3460 964 3558 appulsa,
998 3457 1205 3552 idque
1247 3458 1376 3526 hoc
1412 3456 1725 3546 consilio,
1761 3474 1836 3527 ut
1869 3482 2076 3553 quum
2111 3465 2299 3529 acies
2331 3460 2492 3531 duoe
2517 3468 2699 3532 inter
2717 3490 2787 3535 se

648 3571 1150 3639 concurras-sent
1180 3569 1372 3633 initio
1398 3570 1790 3633 certaminis
1815 3580 1939 3635 etc.
1968 3619 1987 3651 ,
2031 3560 2306 3654 (caetera
2337 3584 2488 3662 pete
2515 3594 2601 3639 ex
2630 3595 2785 3641 auc·

649 3691 795 3745 tore
838 3676 1016 3768 ipsc,
1053 3696 1196 3766 cap.
1232 3665 1397 3765 59).
1441 3673 1654 3739 Porro
1685 3695 1892 3765 quum
1935 3673 2095 3745 dicit
2118 3727 2138 3760 ,
2167 3676 2436 3768 longius
2463 3698 2514 3744 a
2550 3692 2778 3772 tergO,

647 3806 785 3851 non
826 3777 1153 3875 significat
1194 3776 1371 3845 mille
1417 3801 1648 3871 passus
1668 3832 1686 3865 ,
1732 3792 1807 3846 ut
1846 3778 1992 3847 vult
2036 3781 2491 3867 Galsa-hardu
2527 3782 2646 3851 sed
2689 3784 2782 3851 di-

524 3904 533 3919 '
648 3889 951 3958 stantiam
978 3886 1133 3953 satis
1158 3907 1467 3977 magnam
1481 3938 1500 3972 ‚
1523 3899 1600 3952 ut
1613 3886 1838 3955 Caesar
1854 3886 2029 3955 hanc
2056 3889 2267 3957 aciem
2285 3890 2548 3957 sinistro
2571 3914 2784 3957 cornu

648 4020 769 4063 suo
799 3995 1214 4062 minitantem
1247 4015 1385 4061 non
1418 3991 1696 4061 videret.
1725 3994 1950 4062 Caesar
1983 4007 2206 4062 autem
2233 3992 2462 4063 decem
2493 3993 2782 4091 legiones

648 4100 937 4177 hahebat
954 4152 975 4191 ,
1020 4123 1057 4166 e
1102 4096 1341 4190 quibus
1390 4097 1540 4168 duae
1581 4098 1667 4169 ad
1711 4098 2078 4179 custodiam
2122 4114 2492 4173 castrorum
2531 4117 2600 4173 et
2641 4126 2780 4175 cas·
