3017 5042
605 413 697 486 32
1183 416 1260 484 C.
1311 417 1604 486 JULII
1662 415 2137 486 CAESARIS

707 549 1258 642 Consecutusque
1305 548 1617 618 cohortes
1670 547 1756 618 ad
1807 548 2227 618 Rubiconem
2290 547 2573 637 flumen,
2630 549 2747 646 qui

599 655 962 748 provinciae
994 654 1136 748 ejus
1165 653 1318 724 finis
1350 668 1529 740 erat,
1544 651 1913 748 paullulum
1944 657 2373 743 constitit3ac
2396 671 2749 750 reputans,

602 775 926 854 quantum
953 759 1332 849 moliretur,
1347 784 1709 830 conversus
1734 761 1821 829 ad
1840 764 2212 855 proximoS‚
2240 789 2275 825 α
2293 763 2512 830 Etiam
2532 787 2747 851 nunc,

600 867 850 960 inquit,
900 867 1162 961 regredi
1195 871 1547 961 possumus
1577 892 1592 935 ε
1638 867 1820 961 quod
1856 869 1909 936 si
1946 865 2363 962 ponticulum
2404 870 2747 938 transieri-

599 998 780 1060 mUS,
819 974 1046 1044 omnia
1089 975 1292 1042 armis
1326 973 1587 1068 agenda
1627 989 1845 1042 erunt.
1879 977 2062 1045 Suet.
2106 980 2178 1042 in
2224 977 2394 1046 Coes.
2432 967 2499 1042 e.¹
2539 973 2583 1045 3
2602 1000 2659 1044 1.

703 1089 1066 1158 Cunctanti
1119 1101 1455 1156 ostentum
1516 1086 1645 1157 tale
1689 1088 1941 1158 factum
1990 1103 2108 1158 est.
2166 1088 2458 1176 Quidam
2502 1093 2748 1160 eximia

597 1194 1055 1288 magnitudine
1091 1209 1158 1263 et
1194 1193 1406 1262 forma
1424 1248 1443 1282 ,
1481 1208 1606 1262 etc.
1636 1197 1826 1263 Tunc
1857 1198 2117 1282 Caesar,
2156 1225 2191 1260 ι(
2212 1197 2459 1283 Eatur,
2492 1197 2745 1291 inquit,

604 1329 640 1364 «
677 1325 811 1394 quo
872 1303 1174 1368 Deorum
1228 1315 1489 1369 ostenta
1510 1353 1531 1380 .,
1576 1315 1644 1369 et
1680 1303 2112 1374 ,inimicorum
2163 1303 2471 1394 iniquitas
2519 1319 2741 1374 vocat.

595 1409 786 1475 Jacta
823 1405 964 1475 alea
1009 1421 1145 1494 est,
1179 1407 1408 1500 inquit.
1449 1437 1483 1472 »
1522 1410 1705 1478 Suet.
1736 1413 1808 1476 in
1840 1411 2010 1478 Caes.
2041 1432 2098 1476 c.
2142 1405 2263 1477 32.

701 1521 988 1589 Romam
1025 1522 1153 1589 iter
1193 1522 1563 1608 convertit3
1600 1518 2075 1615 appellatisque
2120 1520 2203 1588 de
2243 1520 2583 1616 republica
2615 1549 2745 1618 pa-

597 1625 847 1714 tribus,
885 1625 1319 1696 validissimas
1359 1627 1659 1721 Pompeii
1704 1629 1965 1721 copias,
2010 1651 2158 1721 quae
2198 1627 2323 1696 sub
2362 1628 2574 1696 tribus
2612 1632 2743 1698 Le-

595 1735 795 1830 gatis,
835 1734 930 1801 M.
979 1734 1268 1819 Petreio,
1300 1748 1367 1802 et
1411 1737 1490 1803 L.
1524 1732 1841 1820 Afranio,
1881 1748 1949 1801 et
1984 1735 2078 1802 M.
2119 1735 2428 1803 Varrone
2465 1737 2534 1802 in
2578 1737 2743 1804 His·
2826 1793 2834 1800 .

592 1840 790 1933 pania
845 1854 1070 1926 erant,
1117 1841 1360 1909 invasit
1399 1865 1414 1908 ε
1461 1838 1799 1934 professus
1852 1854 2011 1908 ante
2052 1841 2227 1908 inter
2280 1864 2435 1910 suos
2469 1894 2489 1926 ‚
2553 1871 2588 1906 t<
2630 1843 2745 1910 Ire

593 1969 666 2014 se
692 1946 777 2014 a'd
807 1947 1171 2016 exercitum
1217 1947 1356 2016 sine
1393 1946 1563 2014 duce
1583 1999 1602 2033 ,
1634 1960 1701 2015 et
1736 1945 1890 2013 inde
1928 1971 2351 2015 reversurum
2382 1947 2467 2016 ad
2498 1947 2742 2018 ducem

595 2053 734 2120 sine
776 2054 1072 2122 exercitu
1110 2083 1145 2117 >2
1195 2057 1378 2124 Suet.
1409 2057 1482 2120 in
1524 2055 1696 2123 Caes.
1744 2076 1805 2120 c.
1843 2049 1960 2138 34.

697 2167 1054 2263 Prolapsus
1111 2170 1179 2237 in
1233 2192 1503 2262 egressu
1550 2169 1775 2255 navis,
1816 2192 2015 2236 verso
2060 2166 2146 2235 ad
2190 2165 2423 2238 melius
2478 2171 2739 2258 omine,

603 2276 826 2342 Teneo
871 2290 979 2361 te,
1018 2273 1272 2368 inq'uit,
1315 2273 1596 2367 Africa.
1638 2277 1823 2345 Suet.
1863 2279 1936 2343 in
1974 2277 2145 2346 Caes.
2189 2297 2245 2342 c.
2298 2270 2414 2370 59.

701 2391 926 2458 Caesar
961 2389 1254 2477 dicebat,
1291 2389 1466 2459 idem
1510 2407 1654 2458 esse
1684 2389 1811 2458 sibi
1848 2387 2197 2458 consilium
2228 2389 2545 2460 adversus
2581 2390 2738 2461 hos-

587 2510 727 2568 ,tem
749 2549 768 2583 ,
793 2495 975 2590 quod
1006 2495 1335 2590 plerisque
1368 2496 1640 2565 medicis
1676 2511 1912 2565 contra
1950 2498 2110 2564 vitia
2137 2521 2529 2591 corporum,
2559 2495 2737 2566 fame

594 2603 814 2696 potius
849 2627 1051 2696 quam
1097 2602 1275 2671 ferro
1320 2603 1697 2697 superandi.
1738 2607 1977 2672 Front.
2017 2606 2231 2674 Strat.
2262 2606 2343 2693 4,
2380 2627 2456 2700 7,
2488 2629 2544 2672 ῐ.

698 2719 928 2807 Quum
956 2720 1360 2813 exspectatio
1388 2717 1714 2788 adventus
1741 2720 1930 2789 Jubae
1959 2716 2265 2788 terribilis
2293 2733 2465 2788 esset
2478 2704 2551 2808 ⁵⁴,
2574 2745 2735 2787 con·

592 2827 844 2894 vocatis
889 2825 974 2893 ad
1015 2827 1412 2894 concionem
1457 2824 1805 2912 militibus,
1853 2856 1888 2890 «
1922 2827 2201 2913 Scitote,
2256 2827 2503 2920 inquit,
2558 2849 2733 2920 pau-

591 2933 866 3000 cissimis
902 2931 1005 2999 his
1052 2930 1282 3001 diebus
1318 2958 1543 3028 regem
1588 2931 1976 3001 adfuturum
2016 2958 2169 3002 cum
2214 2934 2283 3000 X
2321 2931 2688 3028 legionibus
2714 2986 2734 3018 ,

591 3040 888 3131 equitum
939 3041 1141 3106 XXX
1165 3093 1184 3127 ,
1234 3038 1396 3108 levis
1449 3054 1804 3108 armaturae
1858 3041 1914 3109 C
1958 3038 2259 3106 millibus
2284 3093 2303 3125 ‚
2364 3039 2734 3132 elephantis

591 3146 790 3213 CCC.
842 3144 1127 3212 Proinde
1173 3145 1477 3214 desinant
1520 3145 1787 3240 quidam
1840 3171 2135 3239 quaerere
2177 3143 2353 3213 ultra
2374 3199 2392 3233 ,
2428 3159 2545 3214 aut
2587 3147 2731 3239 opi-

589 3252 736 3318 nari
767 3276 783 3318 :
809 3251 1140 3344 mihique,
1166 3253 1282 3346 qui
1311 3267 1733 3348 compertum
1770 3251 2027 3339 habeo,
2072 3251 2390 3321 credant:
2431 3266 2548 3320 aut
2586 3253 2730 3345 qui·

590 3356 743 3426 dem
795 3359 1242 3426 vetustissima
1291 3383 1461 3427 nave
1512 3361 1856 3454 impositos
1914 3382 2339 3453 quocumque
2387 3372 2590 3426 vento
2661 3359 2730 3426 in

588 3487 1041 3558 quascumque
1081 3479 1290 3534 terras
1324 3465 1576 3559 jubebo
1618 3465 1833 3535 avehi.
1882 3495 1917 3528 >³
1963 3467 2146 3535 Suet.
2190 3489 2248 3533 c.
2294 3463 2415 3534 66.

661 3581 730 3648 'J
733 3594 956 3677 actare
992 3579 1222 3650 solitus
1239 3631 1258 3664 ,
1287 3583 1551 3652 Milites
1593 3605 1756 3650 suos
1798 3585 2009 3649 eti‘czm
2056 3595 2517 3674 unguentatos
2560 3577 2732 3647 bene

569 3710 898 3785 pugnare
911 3710 1131 3782 posse
1152 3713 1174 3756 .·
1204 3712 1328 3757 nec
1371 3690 1617 3756 milites
1658 3712 1771 3755 eos
1814 3713 1937 3781 pro
1982 3689 2306 3755 concione
2326 3740 2345 3774 ,
2388 3685 2501 3755 sed
2540 3682 2727 3753 blan-

586 3793 754 3861 diori
781 3795 1053 3862 nomine
1075 3795 1567 3874 commilitones
1588 3793 1983 3889 appellabat.
2010 3797 2198 3865 Suet.
2229 3798 2300 3862 in
2328 3796 2499 3866 Coes.
2526 3815 2581 3860 c.
2602 3790 2727 3888 67.

692 3911 962 3978 Famem
977 3963 996 3998 ,
1008 3924 1075 3978 et
1089 3925 1342 4013 ceteras
1356 3911 1778 3979 necessitates
1790 3965 1809 3997 ‚
1823 3926 1947 3980 etc.
1961 3924 2307 4004 tantopere
2320 3906 2695 3976 tolerabant
2707 3955 2726 3989 ,

669 4081 758 4144 54.
791 4079 935 4135 Vide
959 4082 1082 4136 libr.
1110 4079 1180 4135 de
1198 4081 1348 4134 Bello
1375 4081 1608 4158 African.
1638 4099 1750 4152 cap.
1788 4083 1881 4144 48.
