3017 5042
685 480 783 554 92
1144 452 1925 524 SUPPLEMENTA
1976 454 2339 543 VARIA,

686 602 1123 684 supputamus
1146 641 1165 675 ‚
1214 580 1385 656 inter
1440 572 1576 657 35⁰
1632 599 1700 655 et
1753 574 1888 655 36⁰
1934 584 2097 655 latit.
2155 600 2434 682 septent.
2485 579 2569 659 8⁰
2612 604 2680 658 et
2734 596 2818 685 9⁰

682 694 908 790 longit.
938 697 1137 775 Paris.
1185 698 1525 788 Byzacena
1542 747 1560 779 ,
1589 717 1705 762 seu
1735 694 2050 788 Emporia
2085 692 2458 780 dicebatur,
2483 709 2551 764 et
2575 710 2723 765 erat
2749 699 2817 764 in

680 802 1022 894 provincia
1065 803 1367 869 Romana
1418 798 1874 894 proconsulari
1939 792 2192 886 (hodie
2245 802 2310 869 le
2348 826 2674 897 royaume
2731 800 2818 873 de

691 901 973 995 Τιιηιζς),
1016 932 1163 1000 quoe
1206 909 1273 974 in
1328 905 1492 975 duas
1535 920 1756 1000 partes
1797 930 1838 973 a
1879 906 2151 975 flumine
2199 909 2418 977 Tusca
2471 907 2814 977 divideba-

681 1027 829 1101 tur,
874 1012 1007 1082 scil.
1055 1014 1487 1107 Zeugitanam
1510 1065 1530 1099 ,
1569 1013 1686 1080 ubi
1736 1014 1960 1107 Hippo
1983 1066 2001 1097 ,
2037 1014 2270 1102 Utica,
2312 1014 2702 1109 Carthag03
2751 1030 2816 1084 et

678 1122 1026 1214 Bysacium
1054 1174 1074 1207 ,
1131 1120 1244 1188 ubi
1306 1119 1746 1187 Adrumetum
1770 1172 1790 1206 ‚
1857 1120 2191 1215 Ruspina,
2256 1122 2485 1214 Leptis
2559 1122 2814 1209 minor,

678 1226 1011 1321 Thapsus,
1052 1224 1305 1294 Achilla
1323 1279 1342 1313 ‚
1382 1224 1697 1313 Thisdra,
1737 1225 2021 1314 Thenae,
2063 1250 2211 1321 quae
2245 1226 2556 1296 florentes
2613 1228 2814 1299 urbes

678 1346 744 1400 et
798 1347 1029 1428 portus
1074 1333 1423 1419 maritimi,
1474 1345 1544 1400 et
1592 1332 1888 1427 emporia
1933 1346 2124 1401 erant
2170 1358 2186 1400 ε
2233 1345 2305 1400 at
2349 1335 2420 1401 in
2465 1333 2812 1405 interiores

678 1451 921 1527 terras,
949 1438 1062 1507 sed
1089 1437 1271 1506 haud
1300 1436 1496 1533 longe
1527 1462 1567 1505 a
1589 1439 1784 1526 mari,
1809 1438 2006 1507 Uzita
2025 1492 2044 1526 ‚
2063 1439 2323 1527 Vacca,
2347 1442 2660 1527 Sarsura,
2685 1456 2809 1510 etc.

676 1545 847 1633 Quae
902 1569 1132 1614 omnes
1150 1599 1170 1632 ,
1231 1569 1441 1640 prope
1486 1568 1768 1613 numero
1821 1544 2127 1632 infinitae,
2181 1546 2249 1613 in
2306 1546 2518 1640 spatio
2570 1548 2810 1615 XVIII

672 1650 779 1718 vel
825 1656 957 1720 XX
998 1650 1337 1721 leucarum
1384 1650 1752 1721 secundum
1808 1675 1996 1719 oram
2046 1652 2474 1740 maritimam,
2522 1666 2591 1721 et
2637 1654 2810 1722 VIII

670 1756 778 1825 vel
805 1761 871 1825 X
908 1760 975 1826 in
1006 1758 1427 1827 interioribus
1452 1759 1650 1827 terris
1686 1758 2125 1851 reperiuntur.
2143 1761 2227 1826 In
2259 1782 2340 1827 eo
2368 1760 2572 1854 igitur
2594 1761 2808 1854 spatio

670 1888 793 1958 per
811 1867 876 1933 V
904 1866 1166 1934 circiter
1201 1888 1460 1933 menses
1504 1862 1915 1937 decertatum
1958 1878 2074 1933 est.

778 1973 884 2039 De
920 1996 1147 2065 pugna
1176 1970 1355 2066 apud
1372 1971 1741 2065 Ruspinam
1765 1972 1919 2041 satis
1949 1970 2094 2039 fuse
2128 1970 2198 2039 in
2224 1970 2627 2066 praecedenti
2653 1996 2808 2067 sup·

672 2075 1011 2171 plemento
1052 2076 1305 2145 dictum
1350 2090 1482 2162 est3
1524 2075 1611 2145 ad
1643 2078 1911 2146 Uzitam
1947 2076 2212 2147 accedo.

724 2196 731 2205 ’
777 2186 937 2252 Post
979 2181 1280 2277 praelium
1326 2184 1779 2278 Ruspinense,
1822 2185 2045 2252 Caesar
2063 2238 2082 2272 ‚
2119 2183 2231 2278 qui
2266 2184 2318 2252 si
2351 2208 2490 2253 non
2531 2185 2807 2255 omnino

670 2290 919 2376 victus,
954 2304 1025 2359 at
1060 2288 1290 2359 saltem
1320 2289 1388 2357 in
1417 2314 1537 2359 sua
1575 2314 1644 2358 se
1675 2304 1891 2359 castra
1929 2291 2222 2385 recipere
2253 2306 2524 2361 coactus
2547 2306 2649 2361 est
2668 2344 2688 2379 ,
2719 2292 2810 2361 ibi
2925 2382 2928 2395 Ι

670 2410 973 2465 moratur
990 2450 1009 2483 ,
1062 2394 1275 2465 donec
1330 2396 1454 2464 sibi
1510 2394 1751 2465 auxilia
1799 2421 1836 2464 e
1881 2395 2104 2465 Sicilia
2158 2396 2542 2467 afferantur.
2597 2400 2809 2468 Porro

669 2505 811 2595 ejus
856 2518 1073 2572 castra
1098 2517 1289 2571 erant
1311 2504 1483 2572 inter
1516 2504 1752 2573 urbem
1784 2505 2000 2600 posita
2035 2518 2103 2573 et
2143 2528 2328 2573 mare
2356 2528 2371 2573 ε
2401 2528 2694 2599 namque
2729 2530 2810 2575 ea

667 2606 830 2678 urbs
871 2609 1159 2679 millibus
1193 2612 1260 2679 V
1284 2634 1451 2704 pass
1478 2611 1566 2678 ab
1609 2625 1904 2680 extrema
1938 2624 2130 2706 parte
2166 2610 2311 2706 jugi
2333 2625 2489 2680 ante
2525 2612 2807 2681 Caesaris

661 2730 915 2803 castra,
951 2731 1019 2786 et
1058 2720 1127 2785 II
1168 2716 1454 2787 millibus
1498 2742 1667 2813 pass.
1695 2742 1734 2787 a
1763 2719 1930 2787 mari
1955 2717 2260 2787 distabat.
2284 2720 2504 2813 Prope
2529 2718 2807 2807 urbem,

560 2870 565 2874 -
664 2826 1180 2917 septentrionem
1216 2847 1447 2920 versus
1462 2878 1480 2911 ,
1501 2822 1804 2919 planities
1830 2838 1974 2893 erat
1990 2827 2125 2893 XV
2148 2823 2308 2892 mill.
2339 2846 2514 2919 pass·
2540 2838 2807 2919 pentem,

660 2930 952 3024 undique
996 2930 1275 3000 collibus
1327 2932 1580 3019 cincta,
1635 2932 1746 3025 qui
1803 2932 1873 2999 in
1921 2929 2198 2999 modum
2247 2954 2442 3001 arcus
2495 2930 2808 3027 producti

660 3039 969 3106 extremis
1005 3037 1303 3132 partibus
1346 3040 1659 3131 utrinque
1693 3060 1880 3105 mare
1920 3038 2139 3132 ipsum
2183 3038 2484 3131 proxime
2525 3039 2806 3133 attinge-

659 3142 841 3210 bant.
881 3145 986 3210 An
1025 3144 1169 3212 haec
1198 3144 1342 3238 ipsa
1370 3142 1674 3239 planities
1717 3143 1919 3212 fuerit
1959 3144 2030 3211 in
2065 3166 2196 3237 qua
2230 3142 2533 3239 praelium
2565 3144 2807 3238 Ruspi·

659 3268 864 3319 nense
893 3252 1321 3319 commissum
1354 3250 1481 3319 fuit
1498 3304 1518 3339 ,
1554 3275 1693 3318 non
1721 3248 1942 3344 liquet.
1977 3250 2398 3320 Guischardo
2425 3250 2519 3319 sic
2550 3249 2804 3344 placet:

659 3356 823 3424 mihi
838 3372 1010 3426 *vero
1046 3355 1246 3452 paulo
1267 3346 1271 3351 ’
1289 3357 1465 3425 infra
1483 3410 1503 3445 ,
1547 3355 1892 3425 meridiem
1922 3374 2176 3426 versus.
2205 3358 2295 3427 At
2329 3354 2512 3451 quod
2533 3354 2807 3425 minime

657 3461 969 3549 dubium,
1019 3488 1293 3558 campus
1348 3461 1455 3532 ille
1505 3462 1633 3531 fuit
1652 3516 1671 3551 ,
1725 3465 1796 3531 in
1837 3486 1972 3557 quo
2027 3462 2367 3558 explicatae
2420 3486 2543 3557 per
2583 3461 2806 3559 plures

657 3569 797 3639 dies
828 3594 895 3639 se
924 3572 1396 3639 continuerunt
1422 3570 1625 3638 totius
1655 3569 1898 3639 Africae
1935 3570 2115 3639 vires
2131 3624 2150 3658 ,
2183 3568 2465 3639 ducibus
2499 3570 2807 3664 Scipione

655 3692 725 3745 et
763 3678 936 3746 Juba
980 3680 1204 3771 Rege3
1250 3674 1443 3745 simul
1492 3678 1770 3745 Caesaris
1821 3677 2176 3746 exercitus.
2227 3674 2526 3746 Collibus
2569 3676 2806 3772 igitur,

652 3798 729 3852 ut
764 3784 966 3853 modo
1009 3784 1178 3870 dixi,
1216 3784 1400 3876 quasi
1444 3782 1795 3876 procinctu
1833 3783 2254 3852 circumdata
2295 3781 2600 3879 planities
2629 3794 2806 3868 erat,

655 3891 844 3983 cujus
868 3892 1060 3960 tertia
1079 3906 1233 3987 pars
1256 3889 1342 3958 ad
1364 3888 1737 3977 meridiem,
1762 3903 1830 3958 et
1859 3902 2022 3958 ante
2053 3890 2423 3984 Ruspinam
2438 3939 2457 3974 ,
2487 3888 2804 3958 exercitui

656 3997 1032 4067 Caesariano
1054 3996 1278 4067 locum
1297 3997 1366 4064 in
1394 4020 1530 4090 quo
1557 4009 1987 4065 exerceretur
2005 4050 2025 4085 ,
2057 3995 2288 4085 dabat,
2313 4020 2522 4090 quum
2553 4008 2807 4067 caeterae

656 4100 802 4173 duae
837 4130 1039 4200 penes
1070 4105 1228 4199 reip.
1268 4104 1593 4173 exercitus
1641 4115 1873 4173 essent.
