3017 5042
1003 439 1699 522 FRAGMENTA.
2336 478 2437 551 19-

289 578 362 645 ad
381 577 825 670 eloquentiam
841 629 861 663 ‚
879 578 947 650 in
967 599 1097 670 qua
1120 578 1653 671 potentissimuS,
1675 605 1871 673 posse
1886 585 2269 678 quempiam
2286 611 2431 681 per·

285 686 512 752 venire.
545 686 683 752 Ex
715 686 921 754 Joan.
967 683 1318 755 Saresber.
1352 688 1601 756 Metal„
1640 685 1751 756 lib.
1788 689 1859 775 I,
1894 711 1950 756 c.
1990 714 2076 760 21
2107 743 2128 778 ,
2157 713 2223 786 p.
2252 715 2423 789 777.

1143 855 1270 922 Ex
1301 853 1447 922 Lib.
1491 857 1549 924 I.

381 1005 566 1093 Quin
628 1004 828 1072 etiarn
884 1004 953 1072 in
998 1004 1302 1075 maximis
1357 1005 1909 1099 occupationibus
1953 1031 2163 1102 quum
2218 1011 2302 1080 ad
2360 1027 2429 1084 te

284 1113 487 1206 ipsum
514 1102 542 1190 (
569 1111 824 1203 inquit,
851 1111 919 1178 in
946 1135 1057 1178 me
1089 1101 1404 1198 intuens)
1438 1110 1522 1182 de
1560 1114 1821 1185 ratione
1860 1111 2063 1186 latine
2116 1115 2429 1212 loquendi

281 1219 768 1288 accuratissime
815 1218 1188 1311 scripserit3
1233 1219 1587 1312 primoque
1626 1221 1695 1286 in
1738 1219 1909 1290 libro
1953 1222 2233 1310 dixerit,
2272 1246 2431 1294 ver-

281 1326 512 1394 borum
555 1321 890 1394 delectum
927 1322 1258 1417 originem
1299 1349 1442 1394 esse
1482 1323 1919 1420 eloquentiae3
1957 1330 2427 1427 tribuet-itque,

281 1435 364 1500 mi
401 1435 609 1502 Brute
633 1484 652 1518 ,
689 1430 847 1498 huic
887 1445 1120 1508 nostro
1145 1483 1166 1516 ,
1206 1432 1321 1525 qui
1359 1457 1466 1500 me
1505 1431 1588 1500 de
1630 1431 1746 1504 illo
1796 1434 2033 1506 maluit
2054 1486 2073 1522 ‚
2117 1462 2321 1532 quam
2360 1465 2431 1509 se

278 1539 526 1624 dicere,
559 1535 826 1619 laudem
851 1536 1292 1632 singularem:
1325 1561 1481 1607 nam
1518 1540 1781 1632 scripsit
1810 1540 1913 1610 his
1936 1543 2187 1628 verbis,
2218 1571 2427 1639 quum

280 1647 450 1715 hunc
511 1646 784 1713 nomine
839 1659 1009 1716 esset
1070 1643 1362 1712 affatus:
1412 1673 1446 1708 t<
1477 1646 1577 1714 Ac
1598 1695 1618 1731 ‚
1646 1649 1725 1714 .si
1767 1650 2055 1741 cogitata
2113 1651 2431 1745 praeclare

279 1751 490 1848 eloqui
536 1766 613 1818 ut
649 1765 956 1845 possent,
1009 1749 1313 1818 nonnulli
1360 1749 1582 1820 studio
1630 1767 1697 1820 et
1741 1778 1867 1821 usu
1919 1752 2393 1828 laboraverunt
2414 1813 2433 1848 ‚

282 1862 461 1953 cujus
505 1875 572 1928 te
611 1883 800 1951 paene
843 1858 1212 1951 principem
1243 1856 1458 1951 copiae
1514 1873 1715 1951 atque
1758 1860 2177 1932 inventorem
2204 1917 2225 1950 ,
2262 1864 2432 1934 bene

279 1966 356 2034 de
390 1968 666 2037 nomine
701 1989 779 2033 ac
809 1964 1128 2058 dignitate
1165 1962 1396 2058 populi
1435 1966 1697 2034 romani
1738 1967 2053 2036 meritum
2094 1993 2237 2038 esse
2265 1974 2430 2041 exis-

277 2075 502 2142 timare
567 2070 888 2142 debemus
933 2096 948 2138 τ
995 2067 1177 2138 hunc
1234 2068 1495 2138 facilem
1542 2088 1609 2140 et
1650 2068 2111 2166 quotidianum
2167 2081 2432 2148 novisse

277 2205 650 2250 sermonem
668 2235 688 2268 ,
709 2204 869 2246 num
899 2202 1023 2272 pro
1048 2176 1280 2246 relicto
1307 2191 1409 2244 est
1437 2175 1861 2247 habendum?
1892 2210 1926 2243 ³>
1952 2183 2123 2250 Tum
2153 2185 2427 2254 Brutus:

275 2289 541 2375 Amice,
582 2283 857 2357 hercule
881 2338 898 2369 ,
943 2285 1195 2376 inquit,
1224 2298 1289 2351 et
1334 2283 1687 2377 magnifice
1732 2299 1797 2353 te
1834 2285 2176 2356 laudatum
2223 2307 2431 2386 put0,

277 2421 470 2488 quem
518 2423 657 2465 non
701 2390 913 2461 solum
959 2392 1328 2484 principem
1370 2404 1570 2484 atque
1613 2393 2035 2462 inventorem
2076 2399 2286 2491 copiae
2324 2399 2429 2468 di-

275 2504 480 2590 xerit,
520 2529 668 2597 quae
714 2513 857 2568 erat
892 2522 1137 2592 magna
1180 2496 1356 2584 laus,
1401 2495 1518 2566 sed
1556 2499 1753 2566 etiam
1794 2499 1966 2568 bene
1996 2505 2311 2573 meritum
2347 2506 2429 2574 de

273 2609 504 2704 populi
535 2608 798 2678 romani
817 2606 1088 2672 nomine
1108 2617 1175 2672 et
1201 2604 1549 2698 dignitate..
1573 2607 1641 2672 E
1643 2628 1698 2672 x
1726 2609 1857 2676 Cic.
1897 2612 1968 2674 in
1995 2611 2184 2678 Brut.
2214 2637 2268 2678 e.
2308 2637 2423 2708 72.

377 2719 456 2786 C.
507 2721 732 2786 Caesar
776 2711 884 2780 ille
925 2724 1288 2806 perpetuus
1333 2710 1655 2808 dictator,
1681 2715 1802 2779 Cn.
1844 2715 2144 2807 Pompeii
2194 2742 2383 2786 socer
2409 2775 2428 2808 ,

274 2848 314 2890 a
343 2851 476 2918 quo
525 2818 777 2892 familia
818 2833 886 2887 et
923 2816 1279 2912 appellatio
1321 2818 1661 2886 Caesarum
1705 2816 2017 2912 deinceps
2060 2841 2429 2920 propagata

276 2946 412 3018 est,
448 2933 552 2998 vir
603 2926 848 3022 ingenii
889 2923 1368 3020 praecellentis,
1425 2926 2035 3030 sermoniszraeter
2088 2927 2250 2996 alios
2296 2957 2429 3005 suae

277 3039 480 3107 aetatis
510 3033 893 3122 castissimi,
919 3033 989 3100 in
1015 3029 1231 3117 libris,
1259 3057 1426 3125 quos
1455 3031 1540 3098 ad
1570 3033 1665 3098 M.
1702 3033 2097 3102 Ciceronem
2128 3035 2210 3104 de
2241 3041 2428 3108 Ana-

275 3143 445 3239 logia
479 3144 776 3238 scripsit,
799 3141 1132 3208 Harenas
1162 3139 1399 3208 vitiose
1424 3137 1552 3206 dici
1582 3139 2033 3228 existimabat,
2062 3143 2242 3236 quod
2268 3149 2425 3214 Ha-

276 3276 444 3320 rena
478 3273 822 3344 nunquam
860 3243 1297 3314 multitudinis
1340 3269 1623 3313 numero
1654 3243 2050 3340 appellanda
2089 3252 2197 3334 sit,
2236 3253 2427 3322 sicuti

279 3383 490 3452 neque
526 3357 786 3430 Coelum
801 3409 824 3442 ,
850 3378 1064 3447 neque
1093 3355 1452 3438 Triticum;
1474 3366 1707 3420 contra
1732 3367 1951 3420 autem
1990 3357 2421 3454 Qec-adragas,

279 3466 530 3534 etiamsi
582 3487 818 3532 currus
868 3486 1039 3528 unus
1083 3483 1406 3552 equorum
1460 3472 1749 3551 quatuor
1783 3459 2167 3552 junctorum
2218 3489 2427 3536 unum

281 3573 393 3660 sit,
419 3569 760 3667 plurativo
789 3592 1050 3661 semper
1077 3590 1358 3634 numero
1396 3563 1707 3633 dicendas
1738 3581 1966 3658 putat,
2000 3571 2171 3639 sicut
2195 3574 2423 3642 Arma

278 3696 346 3748 et
380 3682 659 3748 Moem'a
673 3729 696 3762 ,
730 3687 798 3742 et
845 3677 1169 3759 Comitia,
1209 3685 1282 3740 et
1310 3675 1721 3740 Inimicitias
1735 3724 1757 3758 ,
1794 3687 1917 3740 etc.
1952 3677 2183 3744 Paulo
2205 3695 2425 3771 post:

277 3789 462 3856 Tunc
503 3781 770 3881 prolato
807 3778 976 3850 libro
1019 3779 1102 3848 de
1139 3775 1461 3872 Analogia
1499 3780 1748 3874 primo,
1784 3780 1992 3848 verba
2038 3781 2190 3852 haeu
2226 3811 2309 3854 ex
2344 3811 2424 3854 eo

277 3917 486 3988 pauca
523 3888 865 3960 memoriae
897 3884 1206 3954 mandavi
1237 3910 1253 3952 ε
1291 3907 1447 3952 nam
1485 3909 1694 3979 quum
1733 3884 2171 3978 praedixisset,
2208 3916 2424 3986 neque

283 4003 576 4082 Caelata,
625 3999 1062 4082 Triticumve,
1106 4016 1322 4085 neque
1349 3991 1715 4060 Harenam
1754 3991 2426 4094 multitudinisfsigni-

275 4105 654 4181 ficationem
691 4104 832 4198 pati
865 4127 879 4169 ε
922 4130 956 4165 <c
991 4101 1172 4172 Num
1210 4113 1318 4186 tu,
1349 4103 1600 4190 inquit,
1636 4096 1879 4167 harum
1922 4123 2147 4173 rerum
2190 4113 2427 4178 natura

1961 4222 2049 4292 22
