3017 5042
564 435 662 508 30
1125 438 1587 506 c.J1JL11
1645 437 2150 508 CAEsAffls
2265 386 2268 390 ⁵

583 585 588 590 ’
667 568 867 666 Apud
926 571 1255 640 Caesarem
1311 584 1378 639 et
1429 570 1745 640 Catulum
1792 585 1861 638 et
1910 569 2195 639 Calvum
2256 570 2501 640 lectum
2556 586 2709 640 est:

573 707 606 742 «
653 679 884 766 Quum
915 678 1054 771 jam
1086 674 1270 744 fulva
1302 677 1465 746 cinis
1503 676 1727 745 fueris.
1774 679 2049 746 Nonius
2090 683 2174 746 in'
2202 691 2373 761 voce
2417 679 2622 747 Ciuis.
2672 708 2707 743 ›>

670 781 864 852 Salve
900 785 1154 879 primus
1196 784 1493 852 omnium
1525 807 1767 878 parens
1805 784 2033 876 patriae
2069 781 2434 879 appellate,
2456 784 2717 879 primus

562 890 634 957 in
669 901 826 985 toga
863 889 1278 984 triumphum
1315 887 1687 983 linguaeque
1723 888 2017 958 lauream
2055 891 2287 958 merite
2308 944 2328 978 ‚
2370 904 2439 959 et
2474 889 2715 974 sacun-

562 994 724 1084 diae,
752 997 1278 1089 Latinarumque
1313 992 1679 1065 litterarum
1719 1019 1959 1090 parens
1992 1020 2007 1063 ε
2043 1011 2241 1090 atque
2272 989 2395 1085 (ut
2426 997 2718 1090 dictator

565 1105 789 1171 Caesar
810 1103 1021 1172 hostis
1050 1101 1388 1197 quondam
1419 1115 1575 1171 tuus
1599 1102 1683 1171 de
1712 1115 1781 1172 te
1806 1101 2111 1196 scripsit)
2140 1105 2441 1172 omnium
2478 1104 2715 1172 trium-

562 1207 856 1302 phorum
910 1209 1204 1278 lauream
1242 1207 1480 1302 adepte
1526 1208 1847 1303 majorem
1865 1260 1885 1296 ,
1928 1223 2181 1302 quanto
2223 1208 2373 1304 plus
2414 1223 2517 1280 est
2543 1263 2565 1297 ,
2606 1211 2712 1277 in-

562 1317 741 1408 genii
783 1317 1042 1384 romani
1083 1317 1401 1384 terminos
1445 1315 1515 1382 in
1558 1327 1819 1383 tantum
1857 1317 2271 1409 promovisse
2289 1368 2310 1403 ‚
2347 1339 2549 1410 quam
2594 1317 2715 1384 im·

563 1421 750 1515 perii.
800 1423 980 1491 Plin.
1020 1419 1130 1490 lib.
1175 1425 1329 1491 VII
1332 1475 1353 1507 ,
1393 1445 1450 1490 c.
1491 1419 1624 1509 30,
1674 1421 1932 1512 infine.

667 1528 911 1597 Cicero
932 1582 950 1613 ‚
993 1551 1342 1597 cau-sarum
1386 1519 1601 1598 XIII:
1645 1531 1746 1599 Re
1783 1527 2067 1597 vendita
2083 1582 2105 1613 ,
2159 1533 2398 1596 iterum
2428 1543 2665 1623 empta
2686 1553 2715 1613 ,-

562 1632 742 1702 unde
771 1633 1197 1705 manifestum
1221 1635 1300 1703 fit
1325 1641 1566 1704 venila
1596 1660 1733 1703 non
1769 1635 1941 1722 dici,
1968 1634 2083 1702 sed
2118 1649 2237 1704 aut
2270 1635 2711 1718 venundata,

562 1753 680 1808 aut
723 1741 1008 1810 vendita
1021 1795 1044 1829 ,
1081 1756 1158 1811 ut
1199 1743 1457 1812 Cicero.
1493 1745 1571 1811 C.
1611 1744 1837 1811 Caesar
1872 1767 1886 1808 t
1919 1745 2401 1810 Possessz’ones
2428 1741 2708 1827 redimi,

561 1870 688 1914 eas
714 1863 978 1943 postea
1006 1849 1236 1944 pluris
1277 1848 1616 1917 vendita&
1650 1848 2021 1918 Diomedes
2060 1847 2170 1917 lib.
2205 1849 2277 1932 I,
2312 1849 2439 1918 col.
2486 1844 2660 1916 366.

668 1953 920 2044 Esseda
964 1954 1252 2030 vehiculi
1293 1955 1396 2023 vel
1435 1979 1671 2022 currus
1712 1979 1919 2047 genus
1942 2008 1961 2041 ‚
2002 1980 2137 2048 quo
2174 1953 2345 2022 soliti
2390 1967 2546 2035 sunt
2582 1977 2715 2047 pu·-

564 2057 777 2152 gnare²
815 2059 1012 2131 Galli.
1071 2064 1296 2130 Caesar
1356 2062 1543 2129 testis
1602 2073 1703 2129 est
1749 2059 1920 2128 libro
1970 2060 2054 2129 ad
2106 2062 2503 2130 Ciceronem
2557 2062 2713 2127 III:

563 2167 800 2234 Multa
827 2169 1046 2236 millia
1073 2172 1372 2260 equitum
1402 2182 1615 2261 atque
1642 2167 2137 2236 essedariorum
2166 2165 2392 2234 habet.
2428 2168 2605 2234 Hinc
2650 2179 2720 2233 et

563 2269 963 2365 gladiatores
1016 2273 1326 2342 essedarii
1363 2273 1709 2360 dicuntur,
1757 2275 1872 2368 qui
1916 2299 2120 2342 curru
2152 2287 2428 2342 certant.
2474 2275 2717 2341 Jutzz'us

565 2377 1041 2472 Plzz'largyrius
1083 2384 1151 2447 in
1180 2384 1311 2450 III
1317 2434 1337 2468 ‚
1377 2383 1624 2474 Georg.
1667 2383 1743 2448 V
1733 2385 1855 2474 ὡς.
1886 2404 1985 2449 vs.
2027 2381 2197 2464 204.

669 2484 1008 2578 Augustus
1050 2511 1315 2580 quoque
1361 2487 1431 2554 in
1474 2484 1899 2581 epistolis-ad
1934 2488 2009 2555 C.
2066 2489 2395 2556 Caesarem
2456 2485 2716 2578 scriptis

565 2591 875 2660 emendat
895 2646 914 2679 ‚
959 2592 1140 2686 quod
1183 2595 1238 2662 is
1283 2593 1600 2665 Calidum
1632 2593 1851 2663 dicere
1890 2617 2090 2687 quam
2143 2591 2430 2664 Caldam
2476 2585 2602 2680 (in
2638 2592 2716 2659 lc·-

561 2695 701 2776 bris
695 2698 909 2788 sorte
935 2699 1024 2768 de
1051 2693 1466 2795 Analogia)
1490 2699 1676 2769 malit
1702 2725 1717 2768 ε
1744 2724 1880 2768 non
1919 2700 2075 2793 quia
2112 2696 2273 2767 illud
2299 2722 2437 2766 non
2458 2699 2543 2766 sit
2578 2696 2717 2765 lati·
2756 2687 2763 2698 ¹

561 2829 763 2890 num,
805 2801 920 2874 sed
957 2808 1112 2900 quia
1165 2808 1250 2878 sit
1298 2806 1605 2876 odiosum
1621 2791 1706 2894 ⁵³,
1754 2821 1822 2874 et
1851 2859 1872 2890 ‚
1916 2820 1991 2874 ut
2036 2807 2177 2899 ipse
2234 2827 2453 2898 graeco
2506 2803 2716 2872 verbo

563 2910 988 3005 significavit,
1028 2912 1360 3008 περίεργον.
1408 2915 1688 3006 Quintil.
1721 2913 1831 2981 lib.
1873 2916 1944 2999 I,
1972 2935 2027 2980 c,
2062 2910 2133 2980 6.

671 3017 1186 3088 Castulonenses
1208 3072 1228 3106 ‚
1271 3021 1386 3113 qui
1431 3020 1679 3088 Caesari
1714 3019 2001 3088 venales
2040 3015 2479 3114 appellantur.
2528 3017 2712 3086 Plin.

564 3126 658 3190 H.
693 3125 787 3193 Ν.
821 3123 936 3192 leb.
973 3128 1130 3212 III,
1170 3123 1234 3196 3.

557 3304 620 3361 id
633 3319 714 3358 est
726 3343 744 3371 ‚
759 3303 1038 3376 sagittandi
1057 3306 1322 3378 peritum,
1341 3307 1426 3359 vel
1439 3309 1595 3377 apri·
1684 3319 1773 3359 tur
1795 3305 1970 3359 Julius
1990 3306 2165 3359 Caesar
2179 3344 2195 3370 ‚
2214 3303 2307 3357 sed
2330 3304 2718 3359 Aurelius'Cae-

560 3405 648 3438 ma
691 3384 872 3438 barba
911 3386 1192 3457 lanugine,
1233 3404 1393 3457 quam
1437 3387 1594 3438 ἴουλον
1683 3401 1768 3439 sar
1782 3423 1797 3450 ,
1842 3386 1935 3439 lib.
1978 3401 2025 3437 11
2064 3384 2409 3458 epistolarum
2444 3383 2513 3436 ad
2543 3385 2718 3436 Fron-

561 3465 738 3518 Graeci
759 3463 948 3518 dicunt
963 3503 981 3529 ‚
999 3484 1119 3536 quae
1143 3465 1192 3517 ei
1214 3479 1454 3538 tempore
1483 3467 1596 3518 vic·
1684 3465 2017 3530 tonem.Quo
2028 3475 2329 3536 comperto,
2346 3464 2721 3516 auctoritatem

561 3545 714 3598 toriae
743 3547 1073 3599 nascebatur.
1099 3573 1116 3591 ι
1155 3545 1281 3599 Haee
1309 3547 1402 3599 ibi.
1437 3545 1596 3599 simi·
1683 3544 1814 3597 civis
1825 3545 2035 3596 romani
2047 3545 2267 3615 insuper
2276 3542 2721 3615 habui.Sedquid

558 3626 684 3678 liter
705 3625 940 3696 expunxi
969 3623 1117 3696 quod
1136 3625 1278 3678 inter
1303 3627 1597 3696 fragmenta
1684 3623 1879 3695 spuriis
1908 3624 1993 3676 his
2028 3621 2227 3675 diutius
2258 3624 2521 3676 immoror
2534 3661 2551 3688 ,
2585 3625 2720 3696 quin

561 3705 909 3775 epistolarum
929 3706 1201 3776 legebatur
1225 3723 1240 3758 t
1682 3704 1916 3773 legitima
1929 3740 1946 3767 ,
1961 3704 2127 3772 siqua
2148 3719 2313 3774 porro
2330 3714 2533 3756 restant
2546 3743 2561 3766 ‚
2581 3703 2722 3775 frag·—

565 3780 1231 3856 -Vesperafatigatus‚luce
1239 3782 1589 3853 dormitans.»
1682 3795 1862 3834 menta
1892 3781 2123 3852 colligo?
2152 3783 2303 3835 Seu..

562 3863 687 3918 Non
713 3865 856 3918 enim
881 3863 1026 3937 a'pud
1050 3863 1386 3928 charisium,
1411 3863 1505 3916 lib.
1542 3883 1595 3928 a,
1770 3861 1861 3913 53.
1900 3861 2149 3914 Odiosum.
2192 3861 2333 3928 Quia
2363 3861 2722 3916 affectationis

561 3941 708 3996 unde
735 3944 848 3998 δυο
871 3944 1137 4016 descripta
1167 3953 1292 3996 sunt
1305 3980 1322 4009 ‚
1350 3942 1596 3996 nomina·
1682 3957 1794 3994 esse
1816 3941 2121 4012 putabatur.

1414 4143 1877 4168 w
