3017 5042
689 346 830 412 DE
897 345 975 413 C.
1042 345 1359 412 JULIO
1430 345 1876 416 CAESARE.
2209 357 2352 442 143

246 475 365 546 tulo
400 476 671 570 scriptas
700 474 1029 569 publicari
1062 477 1405 571 Augustus
1440 479 1669 546 vetuit.
1701 481 2026 553 Asconius
2053 485 2123 552 in
2162 490 2349 558 Orat.

242 607 347 676 pro
386 585 477 674 M.
522 583 775 651 Scauro
828 581 1218 675 tragoediam
1278 584 1556 652 Caesaris
1602 585 1820 653 Iulios
1869 607 2196 660 memorat
2249 595 2352 665 his

241 687 482 762 verbisl:
527 716 564 752 <t
602 687 791 755 Idem
832 689 1004 756 inter
1026 689 1275 783 primos
1314 691 1632 782 temporis
1673 694 1773 758 sui
1801 709 2098 764 oratores
2124 712 2190 766 et
2227 715 2354 770 tra·

240 796 399 888 gicus
441 807 636 889 poeta
673 793 1032 862 admodum
1077 793 1340 862 habitus
1382 808 1499 864 est.
1549 795 1762 888 Hujus
1783 813 1960 896 ,sunt
2001 803 2177 870 enim
2217 819 2348 874 tra-

238 897 474 992 goediae‚
502 923 651 993 quae
681 899 1134 968 inscribuntur
1162 899 1332 967 Julii.
1356 928 1391 964 »
1417 898 1563 967 Alia
1601 902 1802 982 etiam
1839 928 2036 974 versu
2065 911 2349 1003 scripsis-

238 1029 295 1074 se
328 1019 579 1074 constat
611 1019 681 1074 et
714 1003 960 1092 Plinio,
991 1006 1193 1091 XIX,
1228 1004 1308 1091 8,
1339 1019 1407 1073 et
1442 1008 1746 1094 Donat0,
1769 1010 1838 1075 in
1869 1012 2159 1082 Terentii
2189 1018 2344 1087 vita.

234 1111 343 1180 sed
375 1110 763 1204 tragoediam
808 1112 1229 1179 Tecmessam
1270 1110 1442 1180 male
1499 1113 1746 1182 Caesari
1787 1115 2018 1186 tribuit
2048 1121 2348 1192 Lescalo—

235 1219 426 1309 perius
467 1217 552 1286 ad
597 1218 989 1286 Ciceronem
1022 1216 1107 1286 de
1148 1230 1389 1285 natura
1423 1219 1627 1287 Deor.
1670 1243 1734 1312 p.
1775 1217 1950 1307 624.

837 1409 1257 1494 Emendatio
1299 1409 1724 1495 Calendarizz·

318 1601 529 1669 Arati
566 1600 1013 1668 Pliaenomena
1066 1596 1268 1668 latino
1310 1599 1602 1668 carmine
1652 1604 1925 1673 vertisse
1975 1607 2303 1680 Caesarem
2325 1666 2344 1699 ,

230 1693 543 1774 affirmant
581 1706 939 1794 Firmicus,
976 1703 1124 1772 libri
1155 1707 1227 1772 II
1265 1707 1625 1798 prooemiO,
1667 1722 1734 1776 et
1762 1707 1913 1778 libri
1941 1713 2112 1781 VIII
2149 1740 2204 1784 c.
2259 1743 2340 1800 23

229 1834 299 1879 ac
332 1812 558 1881 Suidas
604 1813 673 1878 in
717 1811 895 1889 Γάϊος
938 1797 1187 1889 Ῐούλιος.
1223 1811 1353 1879 Sed
1393 1813 1723 1881 Caesarem
1765 1812 2156 1886 dictatorem
2189 1847 2341 1891 cum

230 1919 463 1986 Caesare
486 1915 936 1986 confuderunt
974 1918 1391 1986 Germanico.
1431 1919 1804 1988 Priscianus
1839 1946 2102 2016 quoque
2137 1927 2344 1995 Caesa-

225 2047 347 2091 rem
375 2022 601 2092 laudat
634 2023 704 2090 in
734 2023 979 2091 Arateo
1012 2023 1338 2112 carmine3
1370 2021 1484 2092 sed
1513 2049 1773 2114 versus,
1801 2033 1968 2122 quos
2005 2029 2158 2099 inde
2198 2057 2343 2128 pro-

224 2127 419 2216 ducit,
455 2128 814 2224 germanici
860 2143 1031 2197 sunt.
1076 2130 1165 2197 At
1210 2129 1298 2198 de
1332 2129 1628 2199 siderum
1678 2148 1866 2201 motu
1909 2132 2148 2205 libros¹
2193 2141 2344 2208 scri-

221 2235 404 2328 psisse
448 2238 813 2321 Caesarem,
859 2236 1174 2334 Sosigene
1208 2236 1423 2331 perito
1466 2235 1638 2306 illius
1683 2239 1972 2308 scientiae
2012 2242 2342 2336 adhibito,

222 2341 644 2410 certissimum
660 2355 791 2410 est:
812 2338 1011 2409 latine
1022 2394 1041 2426 ,
1060 2365 1146 2408 an
1164 2340 1346 2434 quod
1356 2341 1606 2411 Plinius
1624 2343 1692 2411 in
1709 2344 1924 2414 indice
1937 2345 2090 2416 libri
2106 2352 2340 2420 XVIII

222 2447 463 2516 videtur
490 2447 801 2535 innuere,
841 2471 1085 2540 graece,
1123 2471 1260 2515 non
1288 2449 1564 2516 omnino
1589 2448 1856 2517 videtur
1890 2451 2341 2546 exploratum,

222 2566 486 2646 suntque
529 2553 641 2646 qui
677 2553 911 2649 latine,
948 2568 1025 2620 ut
1060 2566 1329 2635 caetera,
1366 2554 1702 2646 scripsisse
1745 2559 2185 2651 suspicantur.
2222 2563 2341 2632 Pli-

221 2659 348 2727 nius
384 2659 562 2726 enim
590 2655 796 2726 veluti
812 2658 1146 2749 excipiens
1176 2660 1255 2724 L.
1284 2657 1708 2746 Arruntium,
1735 2658 1951 2748 addit,
1973 2672 2343 2758 quc‘groece

220 2763 291 2832 de
317 2769 525 2833 astrzls·
558 2767 864 2858 scripsit,
900 2775 976 2830 ut
1016 2762 1181 2829 adeo
1218 2787 1355 2830 non
1386 2762 1470 2830 sit
1498 2764 1930 2856 repetendum
1973 2767 2056 2836 de
2079 2772 2342 2844 Caesare

222 2871 553 2958 dictatore,
605 2875 729 2964 qui
760 2875 917 2938 item
936 2921 959 2954 ,
1011 2867 1192 2962 quod
1235 2867 1569 2961 scripserit
1622 2894 1832 2963 graece
1853 2925 1872 2958 ,
1914 2872 2029 2941 sed
2081 2888 2340 2947 tantum

224 2976 385 3072 quod
419 2975 503 3044 de
534 2976 722 3044 astris
750 2975 1117 3068 scripserit,
1139 2973 1293 3067 quia
1318 2972 1562 3069 alioqui
1590 3000 1834 3044 nomen
1861 2977 2002 3071 ejus
2021 2985 2342 3074 potuisset

221 3084 521 3152 Arruntio
560 3082 781 3150 statim
814 3079 1190 3174 adjungere.
1236 3077 1434 3150 Aliud
1466 3093 1691 3150 tamen
1731 3082 1996 3153 videtur
2033 3105 2342 3182 praestan-

222 3191 457 3260 tissimo
478 3189 751 3275 Vossi0,
781 3211 1014 3281 quem,
1044 3187 1098 3254 si
1127 3184 1377 3280 placet,
1412 3185 1565 3255 vide
1607 3186 1714 3257 lib.
1757 3188 1839 3257 de
1881 3193 2166 3264 scientiis
2207 3224 2340 3268 ma-

222 3294 474 3366 themat.
508 3317 651 3387 cap.
702 3291 819 3379 34.
862 3293 1024 3384 Ejus
1068 3293 1403 3361 sententiae
1438 3292 1702 3362 videtur
1729 3295 2116 3392 suffragari,
2159 3305 2340 3399 quod

224 3402 482 3472 Caesaris
525 3424 727 3495 opere
768 3423 905 3469 non
947 3412 1207 3467 tantum
1252 3400 1354 3466 usi
1399 3413 1554 3467 sunt
1597 3397 1781 3468 latini
1825 3406 2184 3499 scriptores
2207 3463 2226 3498 ,
2268 3427 2345 3482 ut

291 3621 333 3656 1.
356 3601 581 3657 Caesaris
598 3601 743 3653 libros
769 3601 829 3652 de
846 3599 1051 3652 siderum
1074 3610 1225 3660 motu,
1319 3596 1609 3652 Alexandri
1642 3600 1808 3672 AEgaei
1841 3618 2167 3676 praceptore
2181 3647 2198 3673 ‚
2232 3609 2345 3664 dixi

228 3698 336 3751 quos
364 3681 616 3752 Sosigene
639 3678 879 3732 adhibito
906 3679 1231 3750 composuit,
1316 3677 1459 3730 libro
1497 3679 1582 3730 ΙΙΙ
1621 3680 1874 3735 Biblioth.
1904 3683 2088 3737 Graece
2123 3705 2239 3758 cap.
2275 3692 2306 3743 5
2325 3731 2340 3757 ,

227 3758 387 3816 laudat
420 3761 622 3814 Plinius
654 3759 875 3826 XVHI,
913 3758 1015 3824 253
1048 3759 1139 3829 qui
1166 3777 1231 3810 ex
1321 3751 1351 3818 S
1388 3775 1472 3810 21.
1508 3757 1811 3829 Sosigenem
1836 3762 2124 3817 Alexandri
2155 3765 2337 3822 docto..

232 3836 461 3913 Sosigene
504 3837 707 3910 aliquid
738 3839 893 3890 affert
929 3837 1015 3903 11,
1056 3841 1087 3892 8
1105 3877 1120 3902 ,
1163 3835 1231 3888 de
1315 3855 1429 3888 rem
1455 3839 1501 3890 ἐν
1531 3844 1601 3908 τῷ
1625 3840 1774 3910 τρίτῳ
1803 3841 1915 3912 περὶ
1935 3849 2024 3904 τῆς
2050 3844 2202 3913 ὄψεως
2225 3849 2336 3902 lau·

231 3915 467 3974 Mercurii
510 3919 672 3972 stellae
718 3915 958 3989 periodo.
1000 3917 1079 3969 De
1126 3915 1231 3969 hoc
1318 3914 1410 3968 dat
1424 3915 1750 3980 Themistius
1775 3918 1832 3971 in
1849 3921 1906 3973 11
1935 3922 2229 3981 Aristotelis
2267 3929 2335 3982 de

232 3993 457 4071 sosigene
500 3997 752 4070 AEgyptio
780 4029 797 4056 ι,
842 3995 1191 4067 Peripatetico
1214 4035 1231 4062 ,
1318 3995 1492 4048 anima
1513 4013 1633 4068 pag.
1655 4015 1748 4066 79.
