3017 5042
601 408 753 481 208
1503 405 1857 475 INDEX

603 547 783 612 ruris
823 537 1177 617 redactum
1197 589 1221 624 ‚
1269 552 1344 605 et
1393 531 1466 607 ἰη
1505 538 1859 609 radicibus
1897 530 2150 609 montis
2202 562 2346 609 non
2400 542 2607 637 longe
2666 545 2778 615 ab

607 646 858 721 AEdua
891 650 1168 718 civitate
1178 648 1492 741 positum
1520 669 1771 715 nomen
1802 650 2093 715 retinere
2124 652 2395 718 asserit.
2430 649 2738 723 Ortelius
2754 706 2779 742 ‚

607 760 680 825 in
723 778 842 825 sua
881 778 1130 849 mappa
1173 751 1670 847 geographica,
1714 753 2060 847 distinguit
2106 754 2677 849 Augustodunum
2734 782 2783 829 a

607 862 952 949 Bibracte,
989 861 1254 930 circiter
1293 858 1381 927 ad
1425 882 1518 929 10
1559 856 1730 928 leuc.
1777 859 1987 930 franc.
2033 861 2361 931 orientem
2396 888 2635 935 versus
2674 856 2783 956 (ὰ

610 975 897 1041 Beaune
906 964 952 1059 ).
976 968 1150 1037 Item
1179 964 1387 1035 Hadr.
1401 964 1739 1055 Valesius,
1772 966 1894 1036 sed
1923 968 2201 1063 propius
2241 967 2421 1039 locat
2455 972 2783 1043 Bibracte

611 1080 680 1146 in
707 1102 788 1145 eo
810 1074 961 1145 loco
986 1073 1104 1169 qui
1129 1096 1310 1141 nunc
1332 1072 1581 1145 dicitur
1604 1078 1939 1167 Beuvray.
1973 1073 2215 1144 Cellar.
2244 1074 2419 1145 idem
2437 1130 2459 1165 ‚
2486 1092 2555 1147 et
2576 1082 2779 1149 Lon-

603 1208 884 1280 guerue.
899 1180 1326 1272 Mandajors
1344 1234 1368 1267 ,
1411 1182 1784 1268 Nouvelles
1825 1172 2261 1253 de'couvertes
2293 1207 2415 1251 sur
2440 1175 2655 1255 l'cit'at
2688 1186 2786 1257 de

611 1294 1004 1361 l’ancienne
1031 1289 1294 1374 Gaule,
1318 1290 1561 1373 Paris,
1611 1311 1637 1357 1
1654 1284 1844 1382 696,
1864 1285 2012 1358 vult
2030 1312 2173 1359 esse
2195 1291 2423 1359 vicum
2450 1307 2781 1363 vocatum

613 1390 920 1485 Pe'bracg
936 1394 1112 1465 inter
1138 1394 1523 1489 provincias
1552 1418 1735 1466 nunc
1765 1394 1975 1466 dictas
1993 1396 2419 1491 l'Auver-gne
2443 1412 2512 1468 et
2540 1401 2611 1469 le
2640 1393 2781 1471 Ge'-

615 1504 915 1575 vaudan.
961 1500 1143 1573 Male
1183 1515 1252 1571 et
1287 1501 1426 1575 sine
1459 1499 1793 1595 probabili
1827 1502 2109 1571 ratione.
2145 1502 2282 1592 Qui
2318 1503 2557 1575 volunt
2593 1504 2783 1577 aliud

614 1636 760 1681 esse
801 1607 1126 1705 oppidum
1169 1608 1478 1679 Bibracte
1497 1660 1517 1696 ‚
1572 1605 1756 1677 aliud
1810 1608 2372 1709 Augustodunum
2391 1665 2413 1698 ‚
2461 1613 2783 1683 nituntur

614 1716 838 1787 verbis
875 1713 1186 1797 Eumenii
1227 1714 1296 1783 in
1328 1716 1735 1810 panegyrico
1780 1716 2206 1785 Constantini
2248 1743 2266 1786 ε
2316 1719 2641 1789 Omnium
2680 1728 2785 1791 sis

614 1828 785 1895 licet
823 1824 1139 1895 dominus
1193 1821 1458 1893 urbium
1473 1876 1496 1908 ‚
1549 1828 1849 1893 omnium
1898 1827 2261 1893 nationum
2282 1878 2306 1911 ,
2352 1848 2485 1893 nos
2536 1842 2784 1899 tamen

613 1937 827 2003 etiam
874 1954 1124 2001 nomen
1159 1935 1554 2026 accepimus
1597 1946 1785 1999 tuum
1809 1929 1976 2022 jam
1989 1981 2013 2016 ,
2052 1954 2195 1999 non
2229 1936 2611 2027 antiquum.
2650 1940 2783 2005 Bi-

619 2038 858 2110 bracte
889 2038 1164 2134 quidem
1191 2037 1543 2131 hucusque
1568 2037 1763 2107 dicta
1803 2053 1908 2106 est
1940 2038 2131 2108 Julm
2147 2090 2171 2126 ,
2199 2040 2441 2125 Polia,
2482 2042 2782 2113 Floren-

617 2152 772 2233 tz'a3
803 2144 935 2215 sed
961 2146 1216 2215 Flavia
1250 2159 1360 2213 est
1382 2148 1627 2214 civitas
1653 2143 2064 2215 AEduorum.
2089 2147 2180 2213 Et
2206 2143 2543 2241 explicant
2586 2152 2783 2243 quasi

614 2252 702 2321 >de
725 2252 986 2321 duabus
1009 2250 1384 2321 civitatibus
1421 2250 1686 2321 locutus
1727 2252 1810 2320 sit
1825 2305 1846 2341 ‚
1888 2275 2175 2346 quarum
2210 2276 2347 2323 una
2360 2308 2381 2343 ,
2408 2254 2777 2345 Bibracte,

620 2359 802 2430 dicta
821 2359 1043 2443 mlta,
1072 2371 1150 2427 ut
1175 2355 1317 2427 aliae
1340 2359 1675 2447 civitate5‚
1697 2357 1893 2429 videl.
1926 2360 2169 2447 Polia,
2190 2360 2593 2450 Florentia,
2624 2376 2781 2453 etc.;

621 2464 786 2555 alia,
818 2463 1212 2559 Augustod.
1253 2466 1508 2537 Flavia
1552 2465 1731 2535 diota
1762 2480 1936 2536 esset
1972 2490 2014 2535 a
2044 2468 2441 2538 Constantio
2480 2469 2745 2547 Chloro
2761 2525 2782 2561 ‚

619 2574 737 2668 qui
767 2597 914 2643 eam
946 2572 1326 2643 restituerit.
1354 2574 1444 2641 At
1471 2572 1858 2663 d'Anville,
1898 2575 2156 2645 Notice
2180 2574 2270 2645 de
2299 2576 2377 2645 la
2408 2577 2641 2647 Gaule
2655 2632 2681 2666 ‚
2714 2604 2780 2674 p.

633 2704 660 2751 1
683 2676 778 2751 58
796 2733 816 2767 ,
851 2678 1143 2749 ostendit
1179 2678 1364 2749 hunc
1413 2678 1641 2750 locum
1682 2680 2045 2751 obscurum
2090 2696 2304 2772 certe,
2343 2707 2548 2753 unam
2588 2709 2783 2755 eam-

623 2786 912 2881 demque
947 2786 1184 2856 urbem
1214 2800 1471 2857 notare.
1501 2787 1634 2857 Sed
1669 2787 1806 2859 duo
1841 2788 2159 2859 evincunt
2184 2792 2521 2885 praecipue
2552 2792 2785 2863 Bibra·

501 2942 507 2949 ·
624 2909 732 2964 cte
767 2907 837 2962 et
868 2891 1240 2987 Augustod.
1291 2918 1435 2963 esse
1484 2919 1691 2965 unam
1735 2910 1934 2990 atque
1969 2894 2277 2965 eamdem
2318 2898 2577 2967 urbem.
2632 2900 2784 2969 Pri·

625 3025 812 3069 mum
832 3000 1157 3094 inscriptt.
1175 2998 1454 3072 detectae
1482 3001 1855 3097 Augustod.
1874 3016 1943 3071 et
1958 3005 2229 3073 nomine
2249 3004 2577 3105 Bibracte
2600 3008 2785 3077 Dece

625 3108 932 3202 insignes.
967 3106 1146 3175 Nam
1187 3105 1388 3175 AEdui
1416 3107 1594 3178 hanc
1629 3108 1868 3178 urbem
1901 3108 2095 3178 deam
2136 3109 2467 3197 fecerant,
2520 3127 2601 3181 ut
2641 3115 2781 3183 Ro·

625 3214 808 3284 mani
827 3213 1134 3286 Romam.
1156 3212 1419 3287 Deinde
1445 3213 1773 3285 distantiae
1796 3217 1953 3285 satis
1976 3217 2287 3286 notandae
2310 3242 2391 3287 ex
2417 3218 2551 3289 tab.
2570 3220 2783 3291 Theo-

625 3320 920 3391 dosiana.
965 3322 1128 3389 Tres
1167 3320 1290 3390 viae
1327 3319 1412 3393 ad
1456 3322 1831 3415 Augustod.
1873 3338 2327 3415 concurrunt3
2366 3326 2504 3396 scil.
2559 3328 2784 3422 prima

627 3426 714 3498 ab
744 3425 1258 3516 Autessiodoro‚
1277 3427 1344 3496 h.
1381 3453 1470 3497 m.
1504 3468 1613 3481 ---
1646 3428 2149 3500 Autessioduro
2176 3456 2357 3503 xxu.
2380 3434 2783 3505 —Aballo

626 3558 770 3605 xvl.
785 3574 894 3585 ———
907 3533 1233 3605 Sidoloco
1253 3557 1433 3603 xvm
1447 3575 1557 3585 -—
1568 3535 1645 3605 A
1646 3560 1858 3631 ug.-—
1870 3540 2056 3607 Dum
2068 3578 2174 3589 -—
2188 3564 2451 3609 summa
2468 3565 2590 3612 mv
2608 3540 2778 3613 leuc.

631 3639 807 3713 Gall.
850 3665 999 3736 quae
1043 3640 1346 3711 efficiunt
1390 3666 1482 3737 27
1535 3639 1568 3725 ξ
1620 3639 1665 3711 l.
1712 3643 1920 3714 franc.
1964 3646 2055 3715 Et
2094 3670 2176 3713 ea
2216 3660 2319 3717 est
2350 3646 2665 3718 distantia
2692 3649 2781 3719 ab

628 3750 797 3819 urhe
840 3751 1014 3819 Sem
1055 3748 1140 3817 ad
1172 3748 1436 3817 Autan.
1469 3747 1697 3819 Altera
1726 3750 1811 3819 ab
1840 3756 2045 3847 aquis*
2078 3755 2381 3825 Nisincii
2418 3748 2785 3847 (Bous-bon

629 3846 897 3950 Lancy)
920 3894 1020 3910 —·
1048 3859 1227 3925 Box.
1247 3878 1522 3925 ——v111.
1542 3880 1816 3929 —v111.
1836 3860 2497 3955 ——Augdum--xt
2520 3887 2781 3933 summa

631 3986 838 4033 xxvu
881 3960 1048 4032 leuc.
1090 3959 1263 4032 Gall.
1281 3986 1308 4032 1
1327 3960 1372 4033 3
1414 3960 1458 4047 ξ
1501 3962 1753 4036 leuc.fr.
1790 3968 2013 4036 Tertia
2052 3969 2138 4036 ah
2182 3976 2386 4065 aquis
2416 3975 2781 4042 Bormonis

629 4062 986 4161 (Bourbon
1019 4062 1600 4159 l’Archambaud)
1615 4114 1719 4127 -
1736 4076 1986 4145 Sm‘llia
1997 4116 2104 4127 -—
2122 4100 2306 4147 x1111.
2326 4118 2435 4131 --—
2452 4081 2777 4149 Pocrim‘o

350 1182 372 1214 Ι-
