3017 5042
820 411 1703 484 GEoGRAPmcus.
2196 418 2343 517 175

224 550 396 619 lame
418 538 617 634 Pice)
647 544 716 611 in
751 542 1082 612 honorem
1124 544 1484 613 Commodi
1519 548 1692 640 Imp.
1740 570 1985 617 excuso
2018 600 2039 633 ‚
2090 550 2205 621 ubi
2260 579 2345 624 ex

224 678 333 725 una
358 667 542 749 parte
571 652 940 746 imperator
969 647 1094 719 sub
1131 650 1437 721 Herculis
1471 650 1735 748 effigie,
1766 654 1939 748 pede
1972 680 2190 750 prorae
2220 660 2345 729 im·

219 763 435 857 posito,
454 760 672 855 spicas
699 756 784 826 ab
813 757 1071 845 Africa,
1101 755 1435 853 elephanti
1465 759 1862 853 proboscide
1891 777 2156 853 ornata,
2182 768 2349 837 acci-

218 871 312 963 pit.
360 865 748 963 Epigraphe
809 864 1471 935 PROVIDENTIAE
1509 867 1725 937 AVG.
1772 892 1855 937 ex
1903 867 2114 941 altera
2152 886 2343 966 parte

217 975 349 1071 lupa
394 1000 550 1045 cum
593 968 892 1069 puerulis
939 969 1234 1041 Romulo
1279 984 1350 1041 et
1393 972 1630 1042 Remo.

297 1085 588 1153 Armca.
627 1077 905 1174 Proprie
947 1076 1124 1147 dicta
1143 1131 1164 1165 ,
1201 1077 1342 1147 sola
1382 1080 1876 1175 propemodum
1918 1082 2003 1153 de
2042 1108 2173 1178 qua
2210 1089 2347 1157 Cae-

215 1214 301 1259 sar
331 1188 660 1284 loquitur,
697 1200 767 1256 et
801 1186 869 1253 in
905 1209 1038 1280 qua
1075 1198 1380 1255 versatus
1417 1200 1520 1255 est
1556 1178 1680 1277 (B.
1709 1191 1789 1258 C.
1822 1210 1887 1277 1,
1920 1186 2060 1279 30,
2095 1188 2183 1261 31
2213 1245 2233 1279 ,
2276 1206 2347 1263 et

213 1294 342 1365 alibi
369 1286 689 1392 passim),
717 1314 874 1389 pars
917 1304 1062 1362 erat
1104 1306 1172 1361 et
1217 1291 1488 1387 quidem
1518 1295 1793 1365 minima
1824 1297 2028 1367 totius
2062 1297 2308 1371 Africae
2324 1354 2345 1389 ,

209 1427 445 1473 necnon
455 1400 668 1471 Italiae
687 1400 1014 1496 proxima,
1039 1398 1231 1493 cujus
1249 1400 1447 1494 primi
1472 1400 1707 1471 incolae
1722 1401 1995 1473 fixerunt
2008 1405 2343 1495 Numidae,

212 1512 308 1604 qui
323 1508 553 1606 populi
566 1506 908 1579 Nomades
922 1560 942 1595 ‚
960 1506 1029 1575 id
1047 1520 1150 1576 est
1160 1559 1179 1594 ,
1202 1520 1500 1577 errantes
1515 1523 1708 1577 erant
1722 1562 1741 1597 ‚
1759 1524 1828 1579 et
1841 1512 2069 1606 vagari
2094 1514 2339 1607 passim

212 1617 452 1687 incertis
469 1615 737 1687 sedibus
759 1613 1147 1702 assuefacti3
1174 1612 1414 1684 deinde
1445 1636 1485 1683 a
1516 1614 1944 1701 Phoenicibus
1972 1635 2304 1715 occupata
2323 1676 2343 1711 ‚

214 1726 307 1818 qui
323 1725 494 1795 hanc
527 1723 871 1818 regionem
895 1744 1018 1790 sua
1043 1734 1284 1789 natura
1311 1719 1784 1791 fertilissimam
1800 1778 1821 1812 ,
1848 1722 2149 1815 culturae,
2166 1750 2347 1797 com-

212 1833 433 1903 mercio
469 1844 542 1901 et
577 1829 771 1901 bonis
815 1827 1070 1897 artibus
1108 1827 1569 1917 tradiderunt3
1617 1828 1772 1909 inde
1818 1832 1994 1900 inter
2040 1831 2346 1927 pulcher·

213 1940 386 2009 rimas
443 1939 688 2009 veteris
721 1936 904 2019 orbis
940 1949 1164 2030 partes
1203 1937 1444 2006 merito
1484 1936 1922 2031 postmodum
1965 1940 2188 2033 potuit
2233 1940 2341 2010 ad-

213 2047 544 2116 numerari.
591 2047 692 2115 Ea
734 2066 892 2139 pars
939 2043 1205 2113 interno
1250 2045 1423 2141 mari
1464 2036 2037 2137 (mediterraneo)
2072 2046 2231 2117 hinc
2274 2063 2345 2117 et

212 2152 344 2223 inde
359 2204 376 2239 ,
413 2152 556 2223 scil.
596 2176 637 2220 a
679 2150 1152 2246 septemtrione
1189 2164 1258 2219 et
1289 2152 1547 2221 oriente
1564 2204 1585 2239 ,
1625 2150 1937 2237 alluitur3
1985 2176 2027 2221 a
2062 2154 2339 2225 meridie

215 2274 409 2329 autem
439 2258 626 2334 illam
656 2258 1021 2327 terminant
1055 2256 1342 2328 Getuliae
1376 2257 1640 2327 deserta
1681 2266 1750 2327 et
1782 2259 1995 2354 Lybia
2029 2260 2344 2351 interior;

215 2365 285 2433 ab
321 2391 562 2437 occasu
597 2364 941 2449 Numidia3
980 2378 1049 2434 et
1083 2378 1185 2434 est
1223 2364 1348 2435 sita
1389 2365 1566 2435 inter
1610 2362 1739 2451 34⁰
1769 2380 1839 2435 et
1873 2365 2001 2463 37⁰
2025 2374 2069 2451 ὲ
2105 2366 2215 2437 lat.
2262 2367 2341 2439 δ’

216 2486 272 2541 et
297 2472 367 2569 9⁰
395 2473 577 2569 long.
599 2472 738 2541 sine
760 2470 1174 2568 Tripolitana
1205 2472 1476 2567 regione
1497 2526 1519 2561 ,
1540 2470 1649 2541 vel
1680 2469 1831 2560 32⁰,
1854 2472 1965 2541 lat.
2008 2498 2035 2543 1
2056 2471 2129 2544 3⁰
2159 2474 2339 2571 long.

211 2570 344 2647 cum
379 2604 457 2649 ea
491 2581 786 2675 regione.
815 2578 1261 2651 Dividebatur
1290 2580 1362 2649 in
1401 2582 1471 2649 Z
1471 2583 1877 2673 eugitanam
1889 2633 1912 2666 ,
1959 2584 2343 2651 Proconsu-

210 2685 400 2757 larem
414 2741 437 2774 ‚
499 2691 950 2781 Byzacenam
963 2738 987 2774 ,
1029 2710 1147 2755 seu
1185 2687 1597 2781 Emporiam
1613 2739 1635 2772 ,
1688 2698 1756 2754 et
1812 2688 2337 2777 Tripolitanum.

209 2792 404 2863 Urbes
421 2794 567 2886 ejus
593 2796 946 2885 praecipuae
963 2784 1150 2876 (nam
1177 2807 1326 2861 tum
1358 2792 1681 2879 temporis
1716 2802 1907 2859 erant
1931 2812 2121 2883 paene
2153 2792 2341 2861 innu-

209 2898 538 2969 merabiles
571 2889 603 2987 )
635 2910 792 2966 sunt
836 2898 1076 2980 Utica,
1135 2892 1490 2988 Carthago
1503 2945 1529 2978 ‚
1570 2892 2025 2965 Adrumetum
2044 2948 2068 2984 ,
2107 2900 2344 2995 Leptis

209 3010 435 3093 minor,
481 3003 784 3099 Tysdrm
795 3056 820 3089 ,
856 3004 1237 3095 Byzacium
1251 3054 1274 3087 ,
1311 3024 1545 3069 omnes
1570 3001 1954 3091 maritimae3
1993 3004 2348 3079 interiores

209 3127 408 3183 autem
436 3114 720 3199 Vacca,
753 3112 991 3196 Sicca,
1040 3106 1424 3200 Suffetula,
1473 3110 1742 3203 Capsa,
1777 3122 1901 3179 etc.
1938 3112 2024 3178 -In
2054 3128 2341 3208 septem-

207 3218 450 3290 trionali
481 3232 672 3315 parte
696 3217 948 3287 flumen
980 3214 1285 3311 Bagrada
1317 3238 1462 3284 eam
1499 3214 1863 3285 interfluit:
1886 3214 2109 3289 nullus
2142 3246 2343 3293 mons

207 3324 546 3397 altitudinis
575 3326 732 3395 satis
755 3338 932 3395 notae
961 3323 1404 3417 conspicitur:
1430 3320 1545 3391 illa
1572 3321 1841 3392 demum
1868 3328 2217 3419 provincia
2246 3329 2337 3402 in-

207 3444 295 3501 ter
315 3432 845 3530 opulentissimas
867 3430 1126 3525 imperii
1153 3429 1414 3499 romani
1437 3430 1935 3503 numerabatur.
1966 3435 2126 3504 Haec
2168 3435 2341 3507 Afri-

209 3563 288 3611 cae
308 3566 460 3637 pars
489 3538 957 3635 complectitur
979 3536 1180 3608 hodie
1203 3560 1410 3633 regna
1436 3538 1789 3609 Tunetana
1817 3553 1886 3608 et
1900 3539 2335 3635 Tripolitana.

293 3650 473 3719 Arm
503 3641 612 3738 (B.
639 3646 781 3717 Afr.
813 3638 979 3736 36).
1009 3642 1250 3739 Populi
1287 3642 1584 3713 Africam
1611 3643 2155 3717 incolentes.Vid.
2188 3672 2335 3745 sup.

296 3757 501 3827 AGAR
531 3747 632 3845 (B.
672 3739 832 3824 Afr.'
852 3778 910 3823 c.
946 3743 1097 3848 67).
1140 3754 1302 3821 Haec
1332 3751 1496 3821 urbs
1532 3751 1727 3821 nobis
1768 3752 1909 3823 fere
1943 3754 2285 3849 incognita
2318 3783 2339 3825 t

210 3862 432 3958 quippe
475 3886 602 3932 nec
641 3860 881 3931 Strabo
896 3912 916 3949 ,
951 3883 1076 3929 nec
1112 3857 1508 3929 Ptolemaeus
1551 3857 1751 3952 hujus
1793 3862 2201 3931 mentionem
2240 3864 2337 3934 fa-

211 3967 376 4040 ciunt
411 3995 426 4039 :
467 3983 763 4039 attamen
808 3968 880 4037 in
917 3965 1146 4037 tabula
1177 3965 1693 4060 Peutingeriana
1736 3991 1876 4036 non
1918 3966 2135 4038 solum
2175 3972 2347 4045 urbs

210 4076 442 4172 Aggar
473 4090 722 4167 exstat,
744 4074 860 4147 sed
881 4089 950 4146 et
975 4074 1126 4145 duae
1153 4070 1299 4145 aliae
1322 4072 1525 4143 urbes
1550 4072 1793 4169 quibus
1828 4098 2075 4149 nomen
2100 4079 2339 4179 Agar-
