3017 5042
565 388 717 477 234
1456 387 1826 456 INDEX

564 536 896 595 memorat
923 521 1272 593 victoriam
1315 522 1741 607 Germanici,
1766 542 1899 613 qua
1927 517 2248 590 effectum
2274 534 2376 587 est
2392 572 2413 607 ‚
2442 534 2519 591 ut
2560 546 2736 617 gens

568 632 1066 713 Cheruscorum
1099 653 1316 724 prope
1351 626 1573 697 deleta
1604 626 1841 714 fuerit3
1872 626 2050 695 unde
2084 628 2521 713 recentiores,
2549 630 2737 699 inter

566 764 734 835 quos
771 739 1184 824 D'Anville,
1220 728 1661 831 Gessographie
1690 758 1882 821 aaa,
1920 748 1965 803 t.
2000 758 2028 804 1
2046 758 2163 828 ,μ
2212 758 2235 803 ι
2256 738 2389 833 24,
2414 736 2736 807 Cherus-

563 871 678 916 cos
711 843 890 917 locat
923 844 1124 939 paulo
1157 868 1360 938 supra
1387 846 1663 913 Caucos
1696 842 2020 935 mjores,
2052 855 2121 911 et
2140 842 2331 935 juxta
2366 857 2740 939 utramque

563 953 778 1048 ripam
816 954 1121 1047 Visurgis
1153 951 1216 1021 ss.
1243 946 1380 1038 (du
1417 954 1517 1020 W
1509 942 1751 1035 eser)
1793 963 1863 1019 at
1878 948 2272 1021 Ptolemaeus
2304 948 2570 1050 lougius
2610 976 2741 1021 eos

565 1085 605 1131 a
645 1061 886 1131 Caucis
930 1073 1273 1142 removet3
1329 1072 1402 1127 et
1451 1058 1538 1127 ad
1590 1058 1847 1127 radices
1888 1058 2147 1129 montis
2192 1044 2559 1127 Meliboehi
2594 1054 2645 1145 (
2670 1060 2743 1127 le

563 1170 827 1239 Hartz·
831 1172 936 1236 W
927 1161 1094 1252 ald)
1113 1220 1133 1253 ,
1175 1167 1354 1235 inter
1396 1166 1615 1236 fontes
1659 1166 1965 1257 Visurgis
2003 1154 2073 1233 et
2106 1162 2307 1251 salae,
2336 1190 2551 1259 prope
2594 1168 2742 1234 Ba-

565 1275 781 1343 cenim
829 1273 1061 1342 silvam
1094 1266 1122 1363 (
1154 1272 1286 1342 vid.
1337 1273 1425 1342 ad
1465 1273 1533 1341 h.
1579 1297 1726 1343 voe.
1750 1263 1797 1360 ).
1843 1270 2201 1342 Ptolemaeo
2244 1296 2503 1341 morem
2559 1273 2747 1367 gerit

567 1379 904 1469 Ortelius3
946 1396 1017 1449 et
1046 1406 1172 1475 ego
1202 1382 1278 1449 iis
1309 1381 1659 1451 assentior.
1692 1382 2001 1472 Namque
2043 1404 2126 1449 ex
2163 1403 2244 1447 eo
2280 1378 2463 1471 quod
2489 1381 2748 1448 Roma-

566 1512 689 1555 nos
718 1503 902 1557 trans
921 1489 1264 1581 Visurgim
1291 1484 1682 1557 lacessivere
1696 1486 2027 1557 Cherusci
2042 1487 2113 1555 in
2136 1487 2355 1580 primo
2376 1486 2746 1577 conflictu,

567 1618 705 1663 non
745 1595 897 1663 inde
936 1597 1234 1689 sequitur
1263 1620 1380 1665 eos
1417 1593 1772 1663 incoluisse
1793 1592 2415 1686 Teutoburgensem
2456 1591 2745 1661 vallem:

560 1715 890 1795 praeterea
915 1757 934 1789 ,
1003 1704 1077 1771 in
1129 1702 1424 1772 secunda
1487 1700 1913 1795 expeditione
1929 1752 1949 1789 ‚
2014 1700 2455 1769 Germanicus
2502 1701 2749 1769 Caesar

566 1832 778 1902 usque
843 1808 929 1878 ad
969 1811 1310 1903 Visurgim
1357 1809 1669 1901 pervenit
1692 1862 1713 1895 ‚
1750 1808 1891 1877 sine
1937 1804 2075 1875 ullo
2123 1805 2483 1893 conflicta-13
2521 1822 2601 1875 aet
2646 1808 2750 1877 cis

569 1914 822 1985 flumen
851 1917 1069 2003 stetit,
1103 1916 1264 1984 dum
1293 1916 1633 1983 Arminius
1659 1912 1839 1984 ultra
1872 1928 2045 1983 esset
2074 1938 2228 1983 cum
2258 1938 2380 1982 suo
2400 1915 2750 2005 exercitu,

569 2024 713 2091 sine
755 2022 960 2092 dubio
1005 2037 1082 2093 ut
1123 2024 1570 2116 possessiones
1614 2044 1767 2089 suas
1812 2034 2113 2091 tueretur
2138 2072 2157 2106 ,
2202 2034 2272 2089 et
2310 2022 2663 2091 Romanos
2706 2046 2753 2091 a

569 2131 852 2198 transitu
921 2129 1214 2198 fluminis
1284 2142 1561 2198 arceret.
1627 2130 1732 2197 Ex
1786 2142 2018 2199 nostra
2084 2128 2285 2221 igitur
2350 2129 2753 2223 conjectura

571 2235 760 2305 sedes
799 2237 1302 2305 Cheruscorum
1339 2236 1468 2305 erit
1497 2260 1638 2305 non
1672 2235 1743 2303 in
1777 2236 2051 2329 regione
2072 2260 2257 2304 nunc
2284 2234 2467 2305 dicta
2500 2227 2755 2307 ένὲεήέ

570 2342 659 2411 de
709 2341 1134 2429 Paderbon,
1185 2342 1358 2411 sed
1337 2368 1410 2411 m
1453 2343 1835 2437 principatu
1885 2342 2065 2415 dicto
2114 2342 2606 2438 Landgraviat
2658 2345 2755 2413 de

581 2452 648 2523 T
635 2449 924 2544 hwmge
933 2502 957 2535 ‚
1007 2450 1180 2519 inter
1221 2448 1480 2541 Erfwt
1507 2462 1581 2517 et
1619 2449 2129 2543 Swan‘sbourg.

681 2558 970 2629 Cluuiis
1011 2548 1242 2645 (13.0.
1279 2556 1567 2645 l.1-11‚c.
1622 2548 1839 2646 101).
1885 2585 1924 2623 <c
1964 2560 2170 2643 Sunt,
2199 2556 2415 2650 inquit
2455 2556 2752 2649 Statim,

574 2661 615 2735 l
659 2687 818 2750 κω,
851 2690 916 2758 p.
967 2661 1062 2735 62
1079 2689 1148 2759 7,
1181 2666 1297 2759 qui
1339 2664 1573 2734 dicunt
1609 2664 1849 2735 Cilices
1882 2610 2208 2759 (quomin
2248 2666 2585 2737 Homer-us
2614 2690 2755 2735 me-

574 2764 811 2859 minit)
851 2796 888 2839 e
932 2772 1134 2865 Troja
1173 2771 1454 2866 pulsos
1436 2796 1506 2843 m
1546 2772 1803 2865 Syriam
1845 2773 2200 2865 migrasse,
2244 2772 2561 2866 Syrisque
2594 2797 2753 2841 eam

575 2876 898 2953 ademisse
919 2880 1338 2973 provinciam
1369 2904 1523 2973 quae
1546 2904 1729 2951 nunc
1744 2894 1851 2949 est
1878 2878 2132 2947 Cilicia.
2169 2908 2207 2943 υ
2252 2880 2501 2973 Reipsa
2526 2882 2753 2949 Troa-

577 2982 678 3055 dis
705 3009 839 3053 una
864 3009 1054 3079 pam,
1086 2984 1334 3055 Ciliciae
1367 2987 1642 3055 nomine
1666 3000 1825 3057 nota
1854 3000 1959 3055 est
1982 2978 2156 3075 (vid.
2192 2985 2367 3055 infra
2390 2980 2751 3077 Clunia).

580 3089 820 3159 Cilices
855 3093 1203 3185 piraticam
1235 3094 1647 3179 exercuisse,
1686 3108 1753 3161 et
1802 3091 2072 3163 castella
2110 3093 2423 3163 habuisse
2449 3147 2469 3181 ‚
2508 3094 2633 3161 aubi
2682 3119 2753 3163 se

580 3220 903 3292 suamque
936 3198 1232 3292 praedam
1276 3199 1797 3285 absconderent,
1832 3214 2071 3273 notum
2101 3214 2233 3288 est,
2272 3215 2419 3285 tum
2450 3226 2540 3269 ex
2561 3202 2754 3270 Stra·

581 3302 800 3391 bone,
844 3304 888 3372 l.
929 3331 1013 3394 x,
1040 3308 1341 3402 p.‘477;
1379 3306 1418 3374 l.
1459 3330 1599 3375 xlv,
1643 3331 1708 3400 p.
1751 3305 1944 3394 668,
1981 3321 2125 3377 tum
2156 3332 2238 3375 ex
2270 3308 2570 3377 historia.
2612 3311 2753 3377 Ro-

581 3411 764 3482 mani
822 3414 1002 3483 enim
1062 3414 1366 3508 inge-ntes
1411 3413 1739 3483 adversus
1787 3439 1901 3485 eos
1960 3416 2287 3485 exercitus
2337 3416 2645 3503 mittere,
2685 3429 2754 3484 et

581 3517 757 3589 bella
805 3544 927 3614 per
968 3518 1215 3591 multos
1253 3544 1464 3591 annos
1506 3542 1743 3616 gerere
1784 3534 1941 3591 sunt
1986 3522 2249 3609 coacti3
2292 3522 2471 3591 unde
2510 3524 2750 3591 trium·

582 3626 756 3721 phos
823 3625 1112 3697 illustres
1180 3642 1615 3722 reportavere
1658 3653 1671 3695 :
1720 3627 1878 3701 hinc
1932 3626 2247 3699 Servilius
2318 3643 2601 3699 vocatus
2650 3643 2751 3699 est

581 3736 938 3805 Isauricus
962 3759 985 3802 .·
1029 3736 1192 3828 quin
1227 3749 1300 3803 et
1333 3736 1579 3805 Cicero
1620 3749 1693 3805 et
1730 3736 2087 3831 Pompeius
2131 3736 2271 3830 qui
2298 3761 2417 3805 eos
2466 3736 2749 3823 delevit,

584 3840 938 3911 victoriam
969 3866 1059 3909 ex
1096 3842 1174 3910 iis
1221 3840 1535 3937 adeptam
1577 3867 1715 3913 non
1760 3842 2103 3939 dedignati
2148 3858 2321 3915 sunt.
2376 3847 2476 3913 Ea
2514 3858 2749 3913 -tamm

588 3948 912 4043 cupiditas
983 3949 1332 4043 piraticam
1405 3950 1757 4021 exercendi
1820 3976 1960 4021 non
2020 3964 2168 4019 erat
2228 3952 2495 4039 innata
2538 3950 2655 4021 sed
2702 3974 2748 4017 a

587 4056 935 4149 Syriorum
978 4080 1214 4149 regum
1269 4056 1615 4131 debilitate
1674 4072 1748 4131 et
1793 4060 2060 4153 ignavia
2112 4072 2337 4131 ortum
2390 4060 2569 4154 cepit
2586 4112 2609 4147 ‚
2670 4070 2747 4126 ut

577 4163 774 4233 -testis
819 4176 919 4233 est
953 4162 1130 4232 idem
1177 4163 1437 4234 Strabo,
