3017 5042
1089 441 1781 522 FRAUGMENTA.
2465 471 2504 542 7

469 573 665 644 Libri
691 586 852 644 sunt
891 571 1322 667 epistolarum
1359 575 1436 642 C.
1471 576 1752 643 Caesaris
1796 574 1881 643 ad
1926 578 2002 645 C.
2059 577 2399 672 Oppium,
2442 593 2510 648 et

362 678 646 752 Balbum
705 678 1124 768 Cornelium,
1159 681 1273 775 qui
1318 704 1423 749 res
1483 681 1625 773 ejus
1683 681 1971 750 absentis
2028 675 2401 753 curabant.
2427 675 2509 754 In

364 787 466 856 his
499 786 794 884 epistolis
839 786 1294 881 quibusdam
1275 813 1346 856 ιιι
1383 787 1545 856 locis
1576 789 2008 857 inveniuntur
2042 788 2247 860 literae
2285 793 2507 888 singu·

361 875 576 982 lariae,
615 895 755 967 sine
785 896 1200 989 coagmentis
1239 893 1673 990 syllabarum,
1701 920 1865 991 quas
1912 911 1989 966 tu
2025 913 2217 991 putes
2261 901 2509 994 positas

368 1001 726 1070 incondite.
772 1003 950 1072 Nam
997 1001 1203 1071 verba
1238 1026 1320 1070 ex
1353 1002 1458 1072 his
1493 1001 1723 1072 litteris
1762 1003 2002 1073 confici
2056 1003 2305 1074 nullam
2344 1031 2507 1101 pos-

362 1122 536 1177 sunt.
594 1111 761 1177 Erat
814 1121 1040 1176 autem
1104 1123 1513 1178 conventum
1575 1111 1749 1178 inter
1804 1135 1920 1179 eos
1983 1109 2464 1182 clandestinum
2488 1166 2507 1202 ‚

361 1212 443 1283 de
471 1213 952 1284 commutando
983 1205 1111 1283 situ
1145 1214 1555 1304 litterarum,
1584 1230 1661 1285 ut
1690 1217 1757 1285 in
1793 1219 2045 1312 scripto
2077 1218 2344 1312 quidem
2382 1218 2509 1288 alia

360 1319 500 1390 aliae
547 1320 772 1390 locum
819 1334 886 1389 et
925 1345 1172 1391 nomen
1223 1336 1510 1410 teneret3
1545 1322 1719 1391 sed
1702 1349 1770 1395 ιιι
1814 1322 2096 1418 legendo
2141 1322 2329 1394 locus
2367 1327 2506 1394 cui-

358 1451 487 1521 que
515 1453 678 1497 suus
707 1442 774 1497 et
807 1441 1102 1523 potestas
1117 1415 1657 1499 restitueretur-⁸.
1688 1431 1810 1499 Est
1838 1429 2005 1500 adeo
2032 1433 2236 1501 Probi
2264 1433 2505 1502 Gram-

357 1537 584 1604 matici
613 1533 1170 1604 commentarius⁹
1199 1537 1354 1606 satis
1379 1538 1638 1606 curiose
1669 1535 1914 1625 factm,
1937 1537 2020 1611 de
2050 1515 2312 1608 occulta
2336 1538 2507 1609 litte·

356 1665 588 1710 rarum
631 1641 1110 1738 significatione
1165 1640 1595 1737 epistolarum
1640 1645 1717 1714 C.
1756 1646 2040 1714 Caesaris
2082 1647 2503 1740 scriptarum.

356 1750 480 1819 Ex
517 1751 616 1820 A.
653 1751 862 1820 Gellii
895 1749 1007 1819 lib.
1037 1751 1298 1836 XVII,
1330 1775 1485 1846 cap.
1520 1775 1588 1847 9.

1049 1919 1056 1925 ’
1085 1931 1329 2002 Caesar
1360 1933 1443 2022 Q.
1475 1929 1694 2028 Redin
1732 1929 1803 2000 S.

461 2088 826 2182 Pompeius
864 2112 935 2156 se
971 2087 1220 2182 oppido
1256 2102 1483 2158 tenet·
1518 2113 1642 2158 nos
1683 2087 1768 2157 ad
1805 2100 2035 2181 portas
2070 2100 2287 2156 castra
2312 2086 2509 2156 habe-

356 2219 527 2264 muS.
584 2196 930 2264 Conamur
986 2219 1156 2290 opus
1222 2219 1576 2290 magnum,
1625 2209 1693 2264 et
1758 2193 2125 2266 multorum
2194 2192 2453 2264 dierum
2489 2246 2510 2282 ‚

353 2316 640 2398 propter
693 2301 1109 2372 altitudinem
1171 2303 1390 2371 maris.
1453 2302 1585 2373 Sed
1649 2317 1873 2372 tamen
1920 2299 2085 2370 nihil
2131 2315 2285 2386 est,
2328 2300 2507 2395 quod

355 2412 585 2504 potius
623 2409 960 2491 faciamuS.
988 2409 1094 2480 Ab
1119 2423 1406 2530 utroque
1436 2425 1672 2504 portus
1704 2434 1917 2479 cornu
1944 2407 2207 2479 moles
2183 2409 2468 2501 jacimus
2490 2461 2510 2496 ‚

355 2531 430 2586 ut
473 2530 600 2600 aut
638 2515 823 2597 illum
867 2519 1367 2612 quamprimum
1422 2517 1725 2610 trajicere
1748 2570 1767 2604 ,
1805 2515 1987 2610 quod
2037 2515 2241 2584 habet
2286 2519 2508 2584 Brun-

357 2623 513 2693 disii
569 2614 917 2719 copiarum
937 2677 954 2712 ‚
1013 2648 1331 2718 cogamus
1355 2678 1375 2710 ,
1430 2638 1547 2692 aut
1604 2625 1783 2694 exitu
1844 2621 2342 2720 prohibeamus.
2387 2624 2513 2692 Ex

361 2734 498 2802 Cic.
535 2730 875 2802 adAttae.
915 2730 1026 2800 ab.
1058 2735 1190 2818 ΙΧ,
1225 2733 1361 2825 Ep.
1413 2733 1525 2814 14.
1560 2729 1609 2753 ¹⁰

960 2921 1033 2988 E
1029 2941 1086 2988 x
1110 2918 1409 3014 epzlstola
1445 2916 1552 2985 ad
1571 2919 1910 2985 Pisonem.

464 3085 815 3156 Locellum
842 3085 962 3156 tihi
989 3087 1322 3182 signatum
1349 3086 1589 3158 remisi.
1606 3087 1731 3154 Ex
1749 3057 1951 3154 Char.
1974 3081 2085 3152 lib.
2106 3085 2169 3169 I,
2190 3083 2319 3156 col.
2342 3079 2466 3152 60.

735 3265 808 3332 E
805 3285 862 3332 ,τ
894 3261 1068 3332 libro
1105 3237 1557 3358 epistolarum
1592 3260 1698 3329 ad
1726 3261 2127 3330 Antonium.

466 3431 630 3500 Non
667 3428 754 3498 ad
795 3453 904 3498 me
946 3429 1124 3497 misit
1170 3428 1502 3497 Antonius
1548 3423 1926 3520 exemplum
1981 3425 2259 3495 Caesaris
2303 3424 2388 3493 ad
2444 3449 2512 3494 se

357 3535 776 3622 litterarum,
803 3538 872 3603 in
910 3535 1151 3630 quibus
1186 3550 1367 3603 erat:
1395 3559 1466 3603 se
1503 3533 1872 3620 audivisse,
1902 3530 2269 3604 Catonem¹
2250 3530 2297 3556 ¹¹
2323 3546 2392 3599 et
2434 3533 2511 3600 L.

445 3725 502 3778 8.
537 3677 696 3782 Lot-us
722 3723 890 3792 συὶᾳιιί
923 3740 1072 3788 suus„
1109 3733 1155 3772 et
1181 3729 1456 3791 potestas
1483 3717 1815 3792 grammatici
1838 3716 1909 3772 de
1930 3735 2039 3789 quo
2063 3715 2155 3770 hic
2175 3733 2386 3780 sermo,
2402 3732 2516 3768 non

361 3805 708 3854 restitueretur.
775 3757 1234 3874 Steganographiae
1291 3799 1396 3852 hoc
1484 3795 1925 3852 confundendum
1948 3809 2030 3852 est
2052 3815 2178 3850 cum
2204 3797 2317 3868 ejus
2333 3795 2515 3848 libello

362 3882 637 3955 specimen
663 3892 772 3947 est,
790 3901 820 3933 a
839 3899 945 3953 qua
970 3879 1155 3934 differt
1178 3899 1396 3952 prorsus
1484 3879 1680 3931 deuotis
1697 3880 1849 3932 Roma
1850 3897 2043 3938 norw,
2064 3877 2158 3948 qui
2178 3896 2352 3930 aevum
2370 3876 2511 3928 tulit.

363 3962 779 4034 tachygraphia,
793 3979 910 4033 quae
931 3961 990 4014 in
1015 3961 1157 4014 notis
1181 3959 1398 4012 Tironis
1574 3960 1731 4013 10.V.
1748 3960 1799 4011 J.
1816 3959 1954 4011 Cels.
1970 3970 2108 4010 nost.
2124 3970 2161 4010 t.
2178 3958 2352 4028 111‚p.
2379 3975 2401 4009 1
2415 3957 2508 4010 83.

365 4055 424 4096 et
451 4043 661 4096 Senecoe
693 4054 975 4114 spectatur.
1079 4066 1114 4076 ·-
1245 4053 1256 4080 Ι
1576 4057 1599 4090 ι
1617 4057 1666 4092 1.
1717 4038 1965 4091 Catonem.
2004 4037 2265 4090 Nonnulli
2300 4049 2353 4089 et
2404 4035 2517 4107 ipse

453 4141 508 4190 9.
569 4123 967 4178 Commentarius.
1032 4122 1185 4193 Opus
1236 4119 1400 4172 Probi
1483 4117 1728 4174 Goduin.
1746 4119 1846 4191 leg.
1854 4119 2112 4174 Coesarem.
2122 4118 2265 4171 Male
2278 4117 2517 4170 omnino.

2017 4215 2101 4297 1⁴
