3017 5042
437 416 480 486 8
1030 413 1107 481 C.
1165 411 1452 480 JULII
1507 409 1983 480 CAESARIS

436 544 785 616 Metellum
817 545 896 612 in
930 541 1192 612 Italiam
1237 543 1494 612 venisse
1509 596 1530 628 .,
1564 544 1797 610 Romae
1832 556 1911 612 ut
1944 555 2164 612 essent
2200 539 2423 637 palam
2452 566 2469 610 :
2510 541 2579 612 id

437 653 559 724 sibi
615 676 754 721 non
788 649 1087 747 placere;
1121 676 1206 721 ne
1261 651 1375 744 qui
1423 664 1646 719 motus
1679 674 1774 718 ‚ex
1818 673 1900 720 eo
1939 647 2217 735 fierent;
2262 648 2577 744 prohibe-

435 760 625 854 rique
666 782 900 826 omnes
940 755 1136 826 Italia
1153 811 1174 843 ,
1203 757 1329 826 nisi
1371 779 1661 850 quorum
1718 756 1860 850 ipse
1902 752 2170 824 causam
2216 755 2577 851 cognoviss—

437 879 540 934 set
573 890 588 934 τ
640 864 851 958 deque
895 889 975 934 eo
1025 863 1486 934 vehementius
1529 876 1674 936 erat
1714 864 2055 958 scriptum.
2114 865 2241 934 Ex
2286 865 2421 934 Cic.
2480 861 2587 932 ad

437 973 656 1045 Attio.
693 970 810 1045 lab.
849 974 996 1057 IX,
1043 973 1184 1066 Ep.
1224 994 1288 1066 7.

827 1167 953 1238 Ex
989 1163 1162 1234 libro
1201 1105 1647 1260 e-pzlctoiarum
1683 1165 1801 1240 ad.
1819 1166 2191 1246 Servilium.

495 1437 500 1445 .
541 1307 618 1420 PT
647 1347 962 1422 Servilius
989 1364 1181 1444 pater
1214 1373 1296 1422 ex
1331 1347 1603 1436 litteris²
1628 1371 1793 1442 quas
1825 1349 1949 1418 sibi
1978 1374 2019 1418 a
2050 1352 2315 1420 Caesare
2351 1350 2581 1424 missas

434 1481 582 1529 esse.
618 1455 915 1543 dicebat,
943 1455 1274 1551 significat
1301 1453 1503 1523 'valde
1537 1469 1604 1526 te
1644 1455 1766 1531 sibi
1805 1470 2070 1551 gratum
2109 1455 2375 1545 fecisse,
2397 1455 2582 1550 quod

435 1563 520 1633 de
556 1587 674 1632 sua
716 1560 1057 1632 volontate
1097 1586 1256 1662 erga
1294 1563 1625 1632 Caesarem
1657 1563 2133 1632 humanissime
2175 1563 2587 1666 diligentissiff

436 1693 677 1762 meque
720 1667 984 1738 locutus
1027 1692 1222 1737 esses.
1268 1670 1394 1743 Ex
1448 1670 1583 1746 Cic.
1624 1668 1735 1741 lib.
1788 1672 1913 1744 III
1943 1671 2057 1742 ad.
2112 1673 2192 1762 Q.
2205 1671 2524 1763 fratrem
2549 1723 2579 1758 ‚

436 1779 572 1873 Ep.
620 1800 646 1846 1
662 1829 677 1845 .

843 1885 968 1953 Ex
1009 1885 1310 1980 epistola
1351 1883 1459 1952 ad
1501 1907 1729 1980 regem
1765 1883 2192 1976 Delbtarum.

545 2070 705 2138 Non
751 2067 988 2137 dubito
1013 2121 1034 2155 ,
1070 2068 1232 2162 quin
1269 2069 1400 2136 tuis
1440 2061 1837 2156 (Coesarem
1872 2059 2285 2164 alloquitur)
2313 2067 2550 2139 litteris
2566 2124 2588 2158 ‚

444 2198 727 2270 quarum
763 2174 1143 2269 exemplum
1185 2171 1350 2270 legi,
1382 2198 1547 2268 quas
1591 2175 1676 2245 ad
1706 2201 1861 2245 eum
1886 2168 2377 2268 (Dejotamm)
2410 2177 2589 2244 Tar-

446 2305 692 2350 racone
744 2281 904 2349 huic
947 2279 1273 2350 Blesamio
1313 2280 1581 2368 dedisti,
1641 2307 1713 2351 se
1760 2266 2214 2377 magis'etiam
2257 2283 2543 2352 erexerit
2570 2334 2593 2370 ,

448 2388 537 2456 ab
565 2388 880 2481 omnique
905 2385 1343 2456 sollicitudine
1370 2389 1783 2459 abstraxerit.
1814 2389 2018 2459 Juhes
2040 2390 2219 2457 enim
2244 2413 2401 2457 eum
2424 2387 2596 2457 bene

448 2518 734 2590 sper-are
777 2509 854 2562 ec·
895 2493 1076 2562 bono
1113 2519 1262 2563 esse
1303 2501 1580 2582 am’mo;
1617 2495 1799 2589 quod
1843 2497 1980 2564 scio
1995 2549 2016 2582 ‚
2042 2509 2113 2564 te
2152 2521 2290 2564 non
2346 2493 2597 2564 frustra

451 2598 738 2669 scribere
781 2598 1011 2670 solere.
1041 2600 1269 2697 Apud
1303 2603 1438 2671 Cic.
1463 2627 1606 2702 pro
1647 2601 1988 2697 Dejotam
2000 2654 2025 2689 ,
2059 2624 2215 2699 cap.
2268 2625 2295 2670 1
2311 2604 2379 2688 4.

1022 2798 1352 2898 Epz'stqla
1380 2797 1486 2870 ad
1500 2800 1944 2876 Amantium.
1968 2792 2016 2820 ¹²

557 2985 634 3052 C.
667 2979 880 3049 Julius
910 2981 1136 3049 Caesar
1175 2981 1489 3050 Amantio
1528 2983 1721 3052 S.‚D.

559 3088 770 3174 Veni,
807 3086 982 3174 vidi,
1014 3088 1170 3155 vici.
1207 3084 1396 3156 Vale.
1430 3090 1557 3158 Ex
1580 3091 1831 3158 Ponto.

1111 3283 1238 3352 Ex
1272 3285 1547 3351 incertis
1587 3283 1932 3410 epistolis.-

563 3467 892 3558 Πομπνΐίος
919 3503 1026 3516 --
1058 3465 1292 3536 ἐκέλευε
1336 3474 1466 3544 τοῖς
1518 3459 1721 3545 πεζοῖς
1784 3466 1935 3556 μήτ’
1984 3463 2253 3532 ἐπεκθεῖν
2290 3466 2417 3550 ἔτι,
2452 3467 2609 3556 μήτ’

345 3618 353 3624 ’
456 3575 762 3666 ἐκτρέχειν
800 3573 873 3637 ἐκ
903 3579 1016 3648 τῆς
1051 3570 1403 3666 φάλαγγος,
1441 3563 1595 3662 μήδ’
1644 3563 2009 3652 ἀκοντίζειν,
2046 3571 2185 3636 ἀλλ’
2221 3572 2283 3638 ἐν
2326 3565 2610 3666 προὸολῇ

461 3671 805 3756 διαςάντας
834 3677 1162 3769 ἀμύνεσθαι
1195 3670 1302 3744 διὰ
1329 3679 1528 3772 χειρὸς
1555 3683 1687 3753 τοῖς
1720 3667 1941 3766 δόρασι
1970 3676 2115 3751 τοὺς
2152 3677 2460 3754 ἐπιόντας·
2502 3677 2613 3744 καὶ

461 3776 611 3852 τόδε
647 3785 806 3862 τινὲς
851 3785 1044 3850 αὐτοῦ·
1088 3787 1465 3884 ςραττΐγημα
1518 3783 1899 3864 ἐπαινοῦσιν,
1935 3785 2015 3856 ὡς
2066 3776 2277 3874 ἄριςον
2324 3785 2384 3848 ἔν
2428 3807 2612 3876 περι-

436 3993 442 4010 ’
552 4003 638 4040 1².
666 3985 835 4056 Epist.
863 3983 936 4035 ad
945 3981 1152 4036 Amant.
1166 3980 1285 4033 Hoc
1306 3979 1496 4051 episto·
1582 3975 1797 4030 videtur
1834 3975 2082 4040 Davisio‚
2110 3994 2143 4026 e
2184 3958 2461 4032 Plutarchi
2480 4016 2503 4046 ,
2526 3981 2617 4034 vel

461 4065 629 4133 lium,
651 4065 714 4119 in
735 4063 852 4118 MS.
878 4060 1172 4116 Bodleiano
1193 4071 1496 4131 repertum,
1584 4055 1827 4122 Suetonii
1852 4053 2030 4108 verbis
2052 4053 2362 4113 confictum.
2472 4109 2479 4116 ,
