3017 5042
611 425 653 495 3
665 450 702 520 7
714 423 761 492 6
1498 423 1529 486 1
1549 419 1613 486 N
1633 421 1698 485 D
1717 421 1774 486 E
1788 419 1852 484 X

612 581 815 651 porro
856 554 968 648 qui
1005 553 1146 621 fieri
1179 552 1544 647 potuisset,
1588 565 1664 618 ut
1701 551 1854 618 urbi
1893 551 2242 644 praecipuae
2278 550 2764 644 imperitasset,

546 656 548 658 ’
614 665 685 730 in
722 675 917 756 gente
954 658 1203 728 libera?
1236 657 1574 750 Plerique,
1604 669 1880 749 propter
1916 654 2164 724 celsum
2200 649 2291 725 ac¹
2313 671 2556 724 natura
2587 683 2761 750 prae-
2813 675 2822 686 “

616 769 949 838 munitum
979 765 1109 834 loci
1138 767 1334 834 situm
1362 764 1545 832 'hanc
1575 774 1716 830 esse
1751 761 2170 830 contendunt
2193 777 2489 830 montem
2519 767 2763 856 quem2

616 874 807 958 dam,
852 875 957 942 cui
1006 881 1251 940 nomen
1307 871 1369 938 le
1418 873 1578 960 Puy
1615 867 1918 937 d’Is'solu
1969 858 2079 955 (in
2127 866 2386 962 vulgari
2441 867 2766 937 idiomate

616 979 1009 1074 provinciae,
1053 979 1120 1046 lo
1144 977 1375 1073 puech
1410 968 1798 1060 d’Ussolu),
1851 998 2051 1067 super
2084 975 2386 1042 Duranio
2422 969 2546 1059 (la
2574 977 2764 1042 Dor·

616 1078 885 1178 dogne)
924 1085 1142 1152 situm.
1173 1083 1263 1150 At
1293 1083 1417 1150 ista
1453 1081 1710 1174 opini0‚
1747 1082 1867 1148 etsi
1908 1080 2064 1147 satis
2100 1078 2554 1175 probabilibus
2593 1078 2768 1148 fulta

620 1190 1051 1282 conjecturis,
1086 1187 1331 1257 multos
1369 1185 1604 1255 habuit
1639 1185 2086 1255 adversarios:
2119 1187 2278 1278 quin
2305 1187 2547 1272 imme,
2577 1185 2765 1254 haud

620 1295 833 1364 multo
870 1296 1087 1363 minus
1130 1295 1302 1362 inter
1354 1292 1793 1387 geographos
1829 1291 1910 1359 de
1953 1290 2376 1360 Uxelloduno
2409 1292 2766 1361 'certatum

624 1416 723 1470 est
778 1425 978 1494 quam
1034 1399 1116 1467 de
1178 1398 1540 1494 AgendicO.
1611 1399 2042 1492 Quapropter
2109 1396 2424 1465 nonnulla
2487 1397 2576 1466 de
2638 1398 2764 1466 hac

621 1508 787 1575 urbe
815 1506 1116 1600 proferre
1145 1505 1335 1574 nobis
1363 1502 1587 1591 liceat,
1618 1527 1764 1597 quae
1797 1503 2060 1590 ultima,
2090 1504 2262 1572 inter
2299 1502 2567 1596 gallicas
2605 1505 2765 1572 civi—

622 1627 818 1698 tates,
858 1638 983 1706 pro
1020 1611 1321 1680 libertate
1348 1611 1577 1703 patriae
1607 1609 1693 1677 ad
1716 1611 2238 1678 internecionem
2279 1634 2485 1702 usque
2519 1609 2758 1679 decer-

623 1733 807 1786 tavit.

730 1824 1039 1911 Quatuor
1098 1823 1229 1893 loci
1285 1822 1352 1893 i'n
1416 1824 1646 1893 eadem
1706 1825 2048 1919 provincia
2116 1821 2225 1910 (le
2279 1818 2596 1916 Quercy)
2665 1823 2768 1890 siti

626 1931 747 1998 sibi
778 1931 1105 1998 honorem
1136 1955 1470 2026 generosae
1500 1929 1900 1999 defensionis
1932 1929 2248 1999 adversus
2269 1933 2600 1998 Caesarem
2632 1931 2765 1996 vin-

624 2036 864 2103 dicant.
922 2035 1186 2105 Scilicet
1233 2037 1493 2134 Calzors
1545 2059 1632 2104 en
1680 2039 1952 2128 Quercy
1965 2088 1987 2120 ,
2048 2036 2322 2107 Luzech
2375 2030 2720 2120 (ibidem)
2738 2087 2758 2119 ‚

624 2144 689 2209 le
717 2165 875 2236 pay
910 2141 1211 2210 d'Issolu
1231 2195 1255 2227 ,
1304 2157 1371 2210 et
1420 2141 1816 2236 Capdenao.
1863 2143 1966 2209 Ex
2019 2144 2096 2210 iis
2141 2140 2276 2211 duo
2317 2143 2576 2237 priores
2619 2140 2762 2208 fru-

627 2261 762 2314 stra
806 2246 1182 2315 defensores
1222 2246 1473 2340 aliquot
1508 2249 1938 2336 invenerunt,
1974 2249 2368 2316 Samsonum
2409 2246 2608 2315 videl.
2645 2272 2764 2341 pro

628 2352 797 2418 urbe
839 2353 1135 2438 Cabor55
1174 2367 1241 2420 et
1277 2353 1660 2439 Malevc'lle,
1697 2357 2001 2422 Histoire
2030 2354 2124 2422 du
2159 2355 2448 2446 Quot-cy,
2487 2354 2765 2446 quaye

628 2472 698 2523 et
736 2459 1005 2550 Augz'er
1042 2453 1404 2544 (Mer-cure
1438 2459 1526 2526 de
1555 2463 1864 2544 Franee,
1923 2461 2160 2528 Juillet
2210 2485 2234 2528 1
2255 2456 2402 2554 725
2439 2475 2522 2546 ,et
2571 2484 2596 2527 1
2619 2457 2760 2554 726

628 2554 974 2645 Fe'vrz'er.)
1033 2589 1157 2658 pro
1218 2564 1383 2632 urbe
1437 2566 1736 2634 Luzeok.
1777 2564 2102 2646 dixerunt.
2171 2565 2302 2633 Sed
2368 2590 2580 2658 quum
2646 2589 2762 2632 nec

631 2669 791 2736 situs
836 2667 1135 2738 locorum
1154 2723 1173 2756 ,
1212 2694 1336 2737 nec
1374 2671 1572 2738 series
1610 2669 2044 2765 expeditionis
2087 2696 2319 2745 eorum
2365 2671 2760 2764 argumentis

633 2774 1109 2867 respondeant,
1154 2775 1334 2868 quod
1376 2775 1460 2842 ad
1502 2777 1791 2869 primum
1833 2790 2016 2869 patet
2052 2792 2430 2870 aspectum,
2471 2801 2584 2846 eas
2619 2775 2759 2867 reji-

634 2903 784 2948 cere
829 2879 928 2946 fas
974 2882 1096 2948 sit:
1144 2885 1315 2948 inter
1358 2880 1525 2948 duos
1567 2879 1772 2975 igitur
1814 2875 2212 2974 posteriores
2256 2880 2439 2950 locos
2459 2935 2479 2969 ,
2519 2877 2595 2950 ⁸le
2617 2875 2764 2972 Pu'y

632 2985 933 3054 d'Issolu
979 2999 1046 3052 et
1088 2986 1584 3080 Capdenac‘lis
1626 2988 2028 3054 instituatur.
2069 2990 2280 3055 Porro
2323 3001 2612 3080 quatuor
2643 3012 2756 3055 no-

633 3091 733 3158 bis
765 3105 960 3158 erunt
997 3091 1472 3160 consideranda
1495 3116 1516 3159 .·
1570 3116 1594 3160 1
1612 3091 1635 3113 ⁰
1673 3094 2032 3162 auctoritas
2063 3093 2632 3188 geographorum,
2651 3087 2758 3185 'qui

633 3221 757 3290 pro
818 3201 1219 3289 unoquoque
1281 3195 1429 3265 loco
1491 3197 2020 3281 contenderunt3
2087 3197 2160 3266 2⁰
2216 3201 2378 3267 situs
2431 3196 2757 3281 locorum3

637 3301 711 3372 3⁰
749 3302 946 3370 series
983 3302 1414 3394 expeditionis
1454 3294 1855 3385 c'aesarianae3
1899 3303 1973 3387 4⁰
2011 3306 2288 3398 vestigia
2331 3305 2758 3397 antiquitatis,

634 3422 699 3477 et
746 3405 872 3474 alia
911 3407 1184 3476 minoris
1228 3410 1549 3476 momenti
1591 3433 1736 3501 quae
1775 3407 1862 3476 ad
1903 3411 2332 3500 quaestionem
2377 3423 2694 3504 spectant.

741 3512 873 3580 Sed
905 3526 1259 3606 antequam
1304 3514 1389 3580 ad
1425 3515 1584 3582 istos
1620 3528 1906 3606 quatuor
1949 3518 2044 3583 rei
2088 3515 2388 3584 cardines
2425 3507 2757 3598 accedam,

636 3619 990 3713 descriptio
1046 3633 1356 3687 accurata
1407 3618 1590 3688 urbis
1639 3619 2044 3688 Uxelloduni
2087 3646 2170 3688 ex
2212 3621 2534 3715 scriptore
2571 3619 2758 3688 latino

638 3723 1025 3793 stabilienda
1069 3725 1231 3792 mihi
1272 3725 1536 3794 videtur
1563 3779 1581 3811 ,
1633 3749 1833 3818 quam
1885 3750 1966 3792 ex
2009 3727 2349 3820 ipsiusmet
2399 3721 2640 3795 verbis
2667 3721 2756 3792 ef-

634 3831 905 3922 fingam.
1828 3847 1834 3853 '

746 3939 1139 4005 Consistzmt
1179 3941 1250 4004 in
1290 3941 1478 4030 agris
1521 3937 1980 4014 Cadurcorum
2029 3932 2414 4026 (Lucterius
2451 3951 2520 4004 et
2556 3939 2755 4025 Drap-

636 4040 788 4136 pes)
818 4094 832 4110 .
852 4093 867 4109 .
887 4093 900 4108 .
922 4094 936 4110 .
963 4045 1311 4111 Lucterius
1328 4091 1343 4108 .
1368 4095 1413 4110 ..
1454 4043 1780 4138 oppidum
1830 4044 2326 4113 Uxellodunum
2349 4093 2364 4111 .
2384 4095 2399 4110 .
2418 4095 2433 4110 .
2479 4051 2756 4134 occupat
