3017 5042
654 451 798 548 178
1523 448 1883 516 INDEX.

645 584 867 655 Iberia
917 582 985 652 in
1026 579 1343 675 Hispania
1377 578 1695 647 redeunte
1740 603 1859 673 per
1903 575 2224 649 Celticam
2241 630 2262 665 ‚
2297 580 2391 647 ait
2432 580 2779 652 Diodorus

645 692 770 761 Sic.
802 691 870 758 in
901 688 1072 758 libro
1101 710 1212 771 nr,
1235 688 1348 779 qui
1381 710 1527 754 eam
1554 685 1787 753 urbem
1825 683 1984 753 dicit
2012 708 2350 779 magnam,
2382 700 2449 755 et
2490 688 2614 755 ἀπὸ
2659 699 2781 767 τῆς

649 795 814 864 κατὰ
850 798 960 869 τὴν
992 791 1316 886 στρατείαν
1346 789 1530 874 ἄλης,
1558 790 1625 859 id
1660 804 1760 860 est
1788 790 1875 857 ab
1911 790 2051 884 ejus
2088 790 2520 885 expeditionis
2538 818 2783 863 errore

649 899 1045 997 appellatam
1081 900 1431 983 Alesiam,
1463 886 1759 971 Ᾱλησίαν.
1798 895 1983 965 Idem
2026 896 2209 965 addit
2237 896 2445 967 filium
2472 898 2785 969 Herculis

649 1008 1046 1101 cognomine
1070 1003 1374 1081 Galatam
1396 1054 1413 1086 ,
1443 1028 1525 1071 ex
1552 1004 1734 1095 regia
1764 1000 1984 1095 puella
2010 1002 2190 1071 furto
2212 1005 2476 1098 cognita
2510 1019 2743 1073 natum
2759 1058 2783 1090 ,

650 1112 918 1184 Celticae
949 1109 1262 1181 Galliaeve
1291 1133 1536 1179 nomen
1563 1109 1949 1201 imposuisse
1968 1161 1987 1193 ‚
2014 1132 2211 1202 quam
2240 1108 2551 1178 Γαλατίαν
2580 1135 2784 1180 voca-

647 1222 835 1288 verit.
876 1217 1002 1286 Sed
1045 1217 1144 1285 hae
1177 1240 1376 1285 merae
1413 1228 1567 1283 sunt
1592 1211 1849 1282 fabulae.
1879 1216 2144 1283 Nomen
2179 1217 2355 1285 enim
2388 1214 2619 1285 Alesiae
2650 1216 2783 1285 cel-

648 1327 854 1395 ticum
893 1348 1033 1391 esse
1069 1321 1296 1391 debuit
1314 1375 1333 1408 ‚
1379 1335 1455 1389 ut
1491 1318 1650 1407 alia,
1694 1344 1839 1413 quae
1884 1322 2107 1389 Caesar
2164 1321 2353 1389 nobis
2410 1322 2783 1392 transdidit.

649 1430 848 1499 Haud
889 1428 1153 1514 meliUS,
1199 1442 1427 1496 nostro
1463 1425 1711 1519 judicio
1728 1479 1748 1513 ,
1784 1424 2178 1495 clarissimus
2213 1428 2349 1514 vir,
2368 1428 2432 1495 le
2459 1430 2661 1497 Deist
2696 1429 2787 1498 de

649 1536 1032 1620 Botl’doux,
1089 1536 1157 1602 in
1213 1559 1334 1603 suo
1378 1557 1577 1627 opere
1638 1534 1746 1599 cui
1789 1530 2074 1629 titulus:
2122 1536 2255 1601 les
2320 1534 2541 1604 celtes
2586 1528 2783 1603 ante'-

647 1649 1054 1713 riewement
1108 1664 1258 1709 aux
1310 1656 1529 1734 temps
1578 1630 1937 1731 he'roi’ques
1966 1640 2011 1724 ‚'
2046 1662 2195 1733 pag.
2261 1661 2411 1709 200
2436 1692 2457 1726 ,
2514 1639 2599 1709 de
2658 1639 2787 1709 alia

647 1751 898 1819 Alesia
925 1749 993 1815 in
1023 1748 1316 1815 Laconia
1345 1748 1473 1813 sita
1509 1742 1814 1839 loquens,
1850 1767 2097 1811 nomen
2129 1743 2259 1813 hoc
2292 1744 2562 1813 deducit
2588 1771 2631 1814 a
2664 1771 2787 1815 vo-

649 1852 888 1923 cabulo
929 1851 1162 1923 celtico
1208 1855 1352 1921 LYs
1387 1849 1494 1919 vel
1520 1853 1691 1935 Les,
1722 1849 1829 1918 lat.
1874 1854 2100 1937 czm‘a,
2135 1848 2240 1918 vel
2272 1849 2502 1919 herba.
2546 1853 2678 1940 Or,
2706 1868 2789 1921 ut

650 1962 795 2055 ipse
837 1962 928 2028 ait
954 2012 973 2045 ‚
1017 1982 1186 2027 sans
1225 1957 1429 2027 herbe
1455 1961 1670 2052 point
1710 1956 1797 2024 de
1831 1960 2057 2049 grain.
2104 1955 2286 2044 Quid
2340 1955 2408 2023 id
2461 1956 2789 2051 significet

649 2069 873 2137 nescio
890 2092 909 2151 ;
929 2090 1014 2134 an
1044 2064 1204 2133 urbs
1235 2062 1368 2132 ulla
1409 2062 1821 2155 frequentata
1849 2063 2066 2155 potuit
2097 2060 2183 2129 ab
2203 2060 2417 2130 herba
2448 2077 2565 2131 aut
2591 2071 2789 2133 curia

648 2198 895 2241 nomen
939 2167 1281 2264 accipere?
1314 2168 1518 2257 Quod
1558 2171 1611 2237 si
1654 2170 1743 2236 ita
1779 2166 1984 2254 foret,
2014 2166 2195 2235 nulla
2232 2167 2393 2237 urbs
2428 2168 2635 2257 soret,
2678 2172 2789 2239 cui

651 2278 780 2347 hoc
839 2302 1084 2345 nomen
1140 2301 1278 2345 non
1323 2276 1533 2368 possit
1582 2273 1741 2343 dari.
1806 2271 2039 2342 Florus
2093 2275 2185 2341 ait
2233 2272 2518 2343 Alesiam
2584 2274 2787 2345 fixisse

653 2383 793 2452 solo
825 2382 1104 2451 flammis
1139 2395 1498 2475 aequatam,
1534 2379 1715 2473 quod
1756 2403 1997 2473 magna
2026 2404 2107 2449 ex
2137 2393 2326 2474 parte
2365 2378 2602 2449 falsum
2640 2397 2779 2452 est:

652 2514 808 2562 nam
845 2513 924 2557 ea
969 2487 1089 2556 sub
1127 2486 1637 2581 imperatoribus
1673 2485 1985 2573 florebat3
2010 2485 2102 2554 ibi
2135 2486 2311 2554 enim
2355 2485 2642 2556 officinae
2678 2512 2784 2556 ar-

651 2620 915 2664 morum
952 2608 1180 2680 erant,
1226 2608 1392 2662 teste
1434 2592 1644 2661 Plinio
1662 2645 1681 2678 ‚
1739 2593 1812 2661 in
1874 2592 2110 2685 quibus
2165 2591 2479 2687 ephippia
2531 2607 2601 2661 et
2660 2592 2787 2662 alia

651 2725 974 2796 equorum
1011 2714 1402 2769 ornamenta
1441 2713 1755 2793 argenteo
1792 2696 2014 2767 colore
2052 2696 2555 2767 inducebantur.
2601 2701 2783 2769 Prae-

651 2822 835 2877 terea
862 2808 1092 2877 Alesiae
1118 2808 1419 2875 meminit
1431 2807 1707 2873 Erricus
1732 2804 2154 2874 Monachus
2136 2829 2207 2873 m
2232 2805 2367 2873 vita
2397 2806 2607 2873 sancti
2626 2807 2787 2875 Ger·

653 2917 834 2983 mani
874 2912 1460 2982 Autissiodorensis
1497 2912 1831 3029 episcopi,
1868 2909 2014 2979 l.1-v
2029 2964 2051 2997 ,
2086 2925 2239 2979 ante
2280 2932 2386 2978 an.
2422 2933 2640 2999 DCCC,
2673 2914 2785 3005 qui

654 3020 827 3089 male
863 3034 930 3087 et
966 3019 1252 3112 gratuito
1277 3043 1525 3087 nomen
1561 3018 1813 3111 origine
1842 3017 2117 3085 latinum
2152 3016 2371 3085 dedit.
2404 3017 2539 3087 scil.
2570 3016 2785 3087 Alesia

611 3160 616 3167 ·
656 3125 740 3193 ab
769 3125 1064 3196 Alendo.
1104 3127 1163 3192 Ii
1199 3139 1353 3193 sunt
1386 3124 1602 3193 Errici
1633 3147 1863 3192 versus
1899 3148 1915 3189 ε

894 3319 979 3373 Te
1002 3334 1267 3392 quoque,
1299 3313 1571 3373 Caesareis
1598 3312 1789 3369 fatalis
1816 3312 2007 3369 Alesia
2032 3312 2262 3384 castris,

891 3411 1064 3470 Haud
1087 3412 1222 3489 jure
1254 3408 1560 3468 abnuerim
1592 3408 1824 3465 calamis
1854 3408 2220 3465 committere
2250 3407 2484 3466 nostris.

895 3514 1037 3581 Quae
1058 3551 1074 3580 ‚
1115 3507 1278 3581 quod
1305 3512 1440 3563 alas
1469 3504 1745 3583 proprios
1784 3504 2112 3582 praepingui
2145 3525 2296 3582 pane
2321 3504 2601 3579 colonoS,

891 3604 1159 3664 Nominis
1187 3603 1419 3681 adjectu
1451 3600 1750 3679 quondam
1782 3602 2003 3678 signata
2033 3601 2275 3678 putaris.

894 3706 978 3760 Te
1007 3700 1151 3758 fines
1182 3698 1384 3757 Eduos
1415 3708 1473 3753 et
1501 3696 1709 3753 limina
1741 3714 1968 3753 summa
2007 3707 2271 3753 tuentem

894 3802 1218 3875 Aggressus
1245 3792 1545 3869 quondam
1577 3812 1731 3849 saevo
1764 3793 2079 3850 certamine
2110 3794 2303 3851 Caesar
2328 3814 2344 3850 ε,

894 3900 1067 3954 Nunc
1093 3904 1313 3951 restant
1337 3891 1547 3949 veteris
1574 3901 1800 3948 tantum
1834 3890 2078 3967 vestigia
2100 3889 2294 3947 castri.

656 4076 874 4156 Etiam
927 4074 1171 4145 nostris
1215 4071 1629 4168 temporibus
1672 4084 1931 4147 exstant
1990 4066 2309 4141 nonnulla
2350 4069 2549 4163 hujus
2610 4066 2785 4139 urbis
