3017 5042
766 483 1659 592 ‘GEOGRAPHICUS
2201 483 2340 556 361

201 619 327 689 mis
358 615 559 686 totius
600 611 791 684 Asioe.
829 617 1059 685 Deam
1100 618 1373 708 Syriam
1404 616 1582 684 inter
1617 616 1906 685 maxima
1947 619 2224 689 numina
2250 643 2354 688 re-

201 736 477 795 censent
492 735 782 808 vetereS,
812 736 880 791 et
902 745 1053 790 eam
1084 746 1347 792 summo
1372 719 1560 790 cultu
1589 737 2017 811 venerantur,
2044 749 2192 820 quae
2219 750 2356 795 non

200 831 331 902 alia
369 853 508 900 esse
537 828 809 898 videtur
842 851 1045 923 quam
1074 831 1377 897 Deorum
1414 843 1628 898 mater
1667 828 1935 924 Cybele.
1983 833 2322 902 Lucianus
2335 887 2356 920 ,

198 952 557 1032 postquam
602 935 899 1004 diversas
934 934 1017 1003 de
1043 937 1189 1004 Dea
1216 936 1407 1029 Syria
1438 937 1798 1006 sententias
1833 939 2164 1007 recensuit
2184 992 2203 1026 ‚
2240 938 2356 1006 ad·
2435 941 2445 950 ’

201 1046 299 1114 dit
332 1070 349 1112 τ
378 1044 587 1112 Alius
622 1066 847 1110 sermo
862 1039 1114 1130 ⁸fertur·
1122 1089 1145 1123 ,
1188 1065 1389 1135 quem
1432 1065 1562 1136 ego
1597 1065 1650 1112 a
1685 1049 2001 1139 sapiente
2033 1050 2186 1114 vim
2221 1069 2358 1114 au-

200 1152 371 1238 divi,
408 1148 602 1243 quod
620 1149 821 1218 Rhea
852 1152 1011 1244 apsa
1051 1153 1149 1216 sit
1178 1163 1255 1216 et
1288 1150 1612 1244 templum
1635 1151 1831 1220 Attis
1865 1175 2060 1246 opus.
2098 1149 2224 1220 Illa
2257 1165 2358 1220 est

199 1259 329 1326 dea
358 1281 507 1349 quae
544 1257 615 1324 in
648 1256 943 1324 nummis
968 1253 1487 1348 Hieropolitanis
1530 1253 1722 1326 leone
1759 1257 2063 1345 vehitur,
2090 1273 2168 1327 ut
2195 1283 2356 1328 con-

200 1364 429 1432 firmat
449 1364 537 1431 D.
568 1363 1010 1456 AugustinuS,
1042 1361 1128 1430 de
1164 1362 1451 1430 Civitate
1483 1363 1651 1450 Dei,
1683 1360 1791 1432 lib.
1824 1387 1929 1433 vn
1949 1418 1969 1451 ‚
2001 1362 2182 1432 illam
2211 1389 2358 1433 ma-

37 1449 39 1462 *
123 1515 130 1524 -
202 1485 379 1539 trem
415 1491 731 1563 magnam
774 1483 843 1537 et
882 1467 1191 1538 tellurem
1226 1465 1616 1562 appellans:
1663 1473 1996 1558 Leonem,
2049 1472 2177 1559 ait,
2223 1471 2359 1540 ad·-

191 1565 501 1670 jungu'nc
523 1577 821 1646 solutum
840 1599 933 1644 ac
949 1591 1401 1661 mansuetum,
1431 1590 1512 1644 ut
1533 1577 1909 1645 ostendant
1931 1579 2190 1647 nullum
2212 1602 2364 1648 esse

197 1707 421 1778 genus
466 1697 671 1751 terroe
706 1697 853 1752 tam
901 1697 1231 1750 remotum
1266 1704 1359 1750 ae
1398 1681 2087 1773 vehementerfhrum
2102 1737 2125 1770 ,
2177 1685 2372 1780 quod

202 1813 343 1859 non
374 1787 628 1880 subjici
648 1793 890 1883 cuique
924 1791 1301 1858 conveniat.
1332 1790 1437 1860 En
1462 1801 1662 1884 typus
1689 1815 2120 1858 nummorum
2142 1793 2363 1885 Syrio-

204 1921 355 1965 rum
384 1897 459 1963 in
490 1896 971 1990 imperatorum
988 1894 1317 1964 honorem
1336 1917 1649 1962 eusorum
1667 1945 1685 1979 ‚
1719 1897 1788 1963 in
1813 1896 2058 1990 quibus
2081 1899 2228 1964 Dea
2253 1899 2365 1991 sy-

204 2003 301 2071 ria
339 2015 875 2096 repraesentatur.
916 2002 1155 2070 Antica
1198 2025 1353 2096 pars
1390 2001 1662 2070 exhibet
1703 2017 1908 2097 caput
1943 2004 2364 2098 imperatoris

202 2134 361 2178 cum
404 2107 615 2176 titulis
650 2122 721 2176 et
756 2108 1171 2192 honoribus3
1207 2109 1461 2203 postica
1492 2122 1720 2177 autem
1759 2111 1996 2178 ΘΕΑΟ
2046 2110 2363 2180 ΟΥΡΙΑΟ

204 2209 818 2288 ΙΕΡΟΠΟΛΙΤΩΝ
848 2209 1052 2302 (Deae
1082 2217 1289 2310 Syriae
1320 2208 1934 2310 Hieropolitarum).
1969 2214 2215 2284 Mulier
2238 2214 2366 2285 leo*

202 2347 287 2390 ne
306 2335 555 2404 vecta,
589 2320 825 2390 dextra
854 2335 1233 2416 sceptrum3
1270 2320 1628 2415 aliquando
1662 2322 1791 2390 dea
1821 2322 2090 2403 videtur
2131 2322 2366 2392 sedens

204 2429 387 2496 inter
416 2425 645 2496 leones
682 2441 749 2496 et
782 2426 1091 2498 dextram
1135 2430 1485 2522 imponens
1523 2427 1798 2500 crotalo.

1236 2602 1329 2678 T.

310 2748 635 2814 Tamasis
668 2735 790 2832 (B.
826 2747 909 2814 G.
946 2743 1057 2813 lib.
1092 2767 1176 2830 ν,
1204 2767 1349 2838 cap.
1396 2768 1419 2812 1
1448 2769 1519 2831 1,
1567 2735 1722 2831 18).
1752 2746 1940 2812 Inter
1974 2743 2101 2815 51⁰
2135 2759 2205 2814 et
2245 2743 2370 2816 52·

202 2853 375 2923 latit.
422 2849 497 2919 2⁰
533 2864 601 2919 et
630 2849 707 2936 4⁰
736 2875 881 2920 occ.
920 2850 1149 2944 longit.
1198 2849 1477 2918 Flumen
1521 2851 1876 2919 Britanniae
1911 2851 2066 2920 satis
2107 2866 2367 2920 notum.

201 2958 657 3053 Temporibus
689 2956 847 3025 Julii
878 2957 1158 3026 Caesaris
1176 3011 1197 3044 ‚
1230 2956 1726 3051 praeterfluebat
1752 2955 2122 3047 Ancalite5‚
2153 2961 2369 3027 Cassi-

201 3065 505 3137 vellauni
542 3088 825 3158 regnum
870 3078 939 3132 et
974 3065 1308 3133 Cantium.
1352 3063 1570 3132 Hodie
1601 3065 1678 3131 la
1721 3066 2012 3133 Tamise.

310 3175 681 3240 Tannum
718 3162 835 3260 (Β.
866 3172 953 3239 G.
983 3167 1093 3240 lib.
1128 3192 1248 3252 111,
1287 3192 1345 3238 c.
1386 3161 1548 3265 27).
1583 3171 1770 3238 Inter
1797 3167 1941 3254 ,430
1979 3183 2046 3238 et
2089 3169 2218 3256 44⁰
2255 3170 2366 3240 lat.

206 3277 283 3350 3⁰
312 3293 389 3347 et
427 3275 504 3363 [ιο
536 3275 713 3372 long.
750 3279 939 3346 Inter
965 3280 1177 3346 Boios
1214 3279 1497 3362 piceos,
1540 3289 1619 3343 ut
1657 3299 1772 3346 eos
1815 3290 2017 3345 vocat
2049 3277 2110 3345 S.
2154 3277 2370 3347 Pauli-

202 3411 339 3454 nus
358 3439 379 3471 ‚
410 3384 598 3477 epist.
634 3383 721 3452 ad
752 3384 1168 3480 Ausonium,
1200 3397 1269 3453 et
1303 3385 1656 3477 Pyrenaeos
1679 3397 1942 3452 montes
1981 3397 2172 3452 erant
2210 3387 2373 3453 Tar*-

203 3492 407 3576 belli,
439 3491 728 3584 insignes
750 3491 927 3558 inter
941 3490 1309 3584 Aquitaniae
1340 3487 1626 3584 populos
1643 3543 1663 3575 ‚
1693 3512 1982 3583 quorum
2012 3489 2175 3558 urbs
2203 3513 2370 3584 prae·

202 3602 429 3694 cipua·
447 3599 683 3692 Aquae
719 3597 1093 3693 Augzntae,
1135 3596 1335 3666 hodie
1368 3597 1561 3690 Aqs‚
1594 3594 1705 3664 alii
1747 3595 1978 3666 dieunt
2012 3598 2202 3664 Dax.
2233 3596 2374 3665 Sub

202 3728 452 3776 eorum
480 3703 729 3772 ditione
750 3717 909 3770 erat
940 3704 1139 3770 etiam
1172 3703 1606 3797 Lapurdum,
1629 3701 1830 3770 hodie
1861 3702 1926 3769 le
1955 3699 2260 3789 Labour,
2301 3705 2376 3772 si·-

202 3825 329 3883 cut
369 3813 695 3903 Bayonna
742 3823 811 3879 et
860 3809 1001 3902 ejus
1045 3809 1213 3877 fines
1256 3832 1271 3876 ε
1316 3809 1489 3876 inter
1530 3809 1672 3902 ejus
1719 3808 1887 3877 fines
1937 3824 2375 3878 numerantur

200 3916 733 3999 Beneharnum,
794 3915 981 4009 cujus
1024 3939 1271 3983 nomen
1319 3929 1623 3984 servatur
1665 3915 1734 3982 in
1770 3915 2043 4009 regione
2087 3914 2264 3984 dicta
2309 3917 2376 3984 le

202 4016 500 4108 Be'arn3
536 4025 727 4092 Iluro
747 4075 769 4109 ‚
818 4023 1073 4092 Oleron
1090 4047 1119 4106 ,·
1156 4027 1351 4091 vicus
1384 4022 1555 4104 Juli,
1595 4019 1704 4089 vel
1739 4023 1815 4090 A
1816 4037 2030 4110 tures,
2076 4023 2250 4090 Ae're
2285 4022 2372 4090 ad

202 4134 505 4199 Aturum
540 4128 829 4214 flumen,
866 4127 1183 4200 l'Adour.
1228 4127 1361 4197 Sed
1404 4127 1818 4224 temporibus
1853 4131 1891 4199 J
1897 4126 2008 4200 ulii
2053 4130 2371 4220 Caesaris,
