3017 5042
975 385 1655 485 FRAGMENTA
2296 415 2381 487 31

755 592 832 657 C.
891 593 1120 659 JULII
1179 592 1552 659 CAESAms
1612 611 1881 659 mc‘rA.

357 759 488 842 Tu,
531 779 759 849 quaeso
779 809 798 843 ,
851 754 1173 849 quidquid
1225 757 1383 824 novi
1437 747 1707 842 (multa
1752 769 1975 826 autem
2030 757 2393 853 exspecto)

256 863 535 932 scribere
557 888 642 931 ne
666 865 950 956 pigrere.
984 864 1066 930 In
1101 863 1242 948 his,
1263 862 1346 931 de
1372 864 1574 932 Sexto
1592 914 1613 949 ,
1648 864 1892 932 satisne
1928 878 2217 950 certum3
2240 892 2390 936 ma·-

253 973 422 1039 xime
465 982 688 1040 autem
745 968 830 1037 de
871 973 1082 1038 Bruto
1135 983 1368 1038 nostro
1412 994 1427 1038 ε
1478 969 1561 1038 de
1616 995 1751 1063 quo
1796 968 2063 1063 quidem
2118 970 2263 1054 ille,
2308 976 2393 1044 ad

253 1103 440 1171 quem
481 1075 775 1158 deverti,
828 1078 1160 1146 Caesarem
1211 1075 1478 1146 solitum
1523 1074 1745 1144 dicere
1766 1127 1787 1162 ‚
1827 1081 2091 1171 Magne·
2128 1079 2347 1169 oefirt
2364 1136 2387 1168 ‚

141 1259 146 1270 ‚
253 1185 353 1252 hic
377 1183 552 1278 quid
585 1185 755 1252 velit
784 1207 806 1250 .·
841 1182 970 1250 sed
1004 1182 1344 1277 quidquid
1376 1184 1605 1264 volet,
1654 1183 1867 1254 valde
1907 1186 2101 1254 volet
2126 1211 2147 1254 .-
2195 1185 2391 1280 idque

253 1316 396 1359 eum
434 1289 1013 1373 animadvertisse,
1042 1315 1250 1384 quum
1295 1315 1420 1382 pro
1466 1289 1790 1381 Dejotaro
1834 1292 2059 1361 Niceae
2104 1291 2354 1362 diceret
2374 1347 2393 1382 ,

252 1397 433 1466 valde
475 1396 912 1465 vehementer
954 1421 1108 1465 eum
1153 1398 1370 1464 visum
1423 1409 1490 1464 et
1538 1393 1745 1464 libere
1794 1395 2031 1466 dicere.
2086 1401 2221 1470 Cic.
2277 1399 2387 1470 lib.

255 1507 452 1590 XIV,
483 1501 954 1588 adAtticum,
981 1506 1118 1599 Ep.
1161 1526 1218 1570 1.

351 1611 696 1698 Proxime,
744 1635 952 1702 quum
1001 1610 1206 1686 Sextii
1239 1623 1483 1702 rogatu
1523 1609 1704 1702 apud
1736 1635 1893 1680 euin
1938 1609 2243 1700 fuissem,
2278 1637 2391 1682 ex-

256 1732 750 1812 spectaremque
787 1715 1020 1786 sedens
1040 1769 1060 1803 ,
1083 1714 1305 1809 quoad
1342 1739 1661 1802 vocarer,
1690 1714 1927 1784 dixisse
1965 1741 2119 1786 eum
2143 1745 2157 1786 :
2184 1748 2217 1782 ε(
2240 1723 2391 1816 Ego

254 1825 577 1912 dubitem,
616 1825 776 1916 quin
821 1847 1084 1892 summo
1111 1825 1180 1890 in
1219 1821 1375 1890 odio
1411 1823 1535 1890 sim
1561 1874 1579 1907 ,
1620 1847 1827 1915 quum
1860 1825 1954 1891 M.
2002 1827 2241 1894 Cicero
2282 1853 2391 1896 se·-

255 1931 435 2019 deat,
470 1955 598 2000 nec
644 1955 768 1998 suo
820 1928 1178 1998 commodo
1219 1953 1326 1996 me
1365 1930 1724 1998 convenire
1768 1929 2018 2023 possit?
2063 1934 2299 2025 Atqui,
2336 1937 2390 2002 si

255 2040 596 2132 quisquam
641 2050 740 2105 est
794 2034 1003 2105 facilis
1031 2089 1050 2124 ,
1099 2036 1210 2104 hic
1254 2049 1355 2105 est
1398 2062 1414 2104 :
1460 2051 1684 2104 tamen
1730 2061 1867 2104 non
1916 2036 2187 2124 dubito,
2231 2041 2389 2132 quin

256 2170 356 2214 me
396 2143 568 2214 male
612 2143 844 2212 oderit.
874 2172 909 2208 >2
959 2147 1091 2216 Cic.
1134 2143 1398 2212 ibidem.
2168 2225 2176 2233 ,

297 2263 302 2271 ’
353 2250 634 2338 Aiebat,
678 2253 1012 2336 Caesarem
1054 2275 1276 2319 secum
1306 2303 1326 2335 ‚
1365 2275 1500 2343 quo
1546 2264 1848 2344 tempore
1894 2252 2098 2319 Sextii
2152 2269 2387 2348 rogatu

259 2361 399 2426 veni
439 2357 526 2426 ad
570 2383 760 2446 eum,
803 2382 1012 2452 quum
1048 2371 1502 2451 exspectarem
1550 2356 1817 2444 sedens,
1859 2356 2100 2427 dixisse
2132 2384 2147 2426 ε
2194 2390 2228 2424 <c
2245 2363 2391 2454 Ego

259 2489 426 2532 nunc
463 2481 602 2534 tam
649 2465 770 2532 sim
801 2461 1076 2550 stultus,
1095 2479 1171 2532 ut
1199 2464 1380 2534 hunc
1427 2466 1642 2558 ipsum
1663 2517 1682 2549 ,
1718 2462 1977 2532 facilem
2008 2464 2351 2536 hominem
2374 2523 2393 2554 ,

259 2587 476 2664 putem
527 2571 691 2640 mihi
749 2595 890 2639 esse
926 2573 1216 2639 amicum
1245 2625 1264 2656 ,
1308 2595 1517 2664 quum
1570 2570 1824 2640 tamdiu
1878 2571 2113 2641 sedens
2164 2599 2391 2642 meum

261 2677 682 2748 commodum
723 2675 1102 2772 exspectet?
1131 2707 1166 2741 ³>
1225 2681 1357 2747 Cic.
1387 2676 1498 2745 lib.
1531 2681 1744 2764 XIV,
1778 2677 1885 2746 ad
1902 2679 2118 2746 Attz‘c.
2145 2683 2281 2774 Ep.
2322 2706 2387 2749 2.

356 2788 516 2877 Quo
556 2785 801 2880 gaudio
836 2783 1083 2872 elatus,
1125 2809 1262 2852 non
1287 2785 1720 2877 temperavit,
1763 2787 1922 2877 quin
1960 2808 2211 2878 paucos
2241 2801 2394 2880 post

261 2889 388 2960 dies
431 2893 766 2988 frequenti
817 2893 1000 2960 curia
1035 2893 1358 2985 jactaret,
1412 2890 1635 2958 invitis
1684 2905 1751 2958 et
1800 2889 2218 2984 gementibus
2276 2892 2388 2961 ad-

262 3001 558 3070 versariis
599 2999 916 3094 adeptum
949 3023 1018 3066 se
1055 3024 1202 3092 quae
1239 2999 1702 3092 concupisset;
1739 2997 2018 3092 proinde
2042 3023 2125 3066 ex
2169 3025 2249 3068 eo
2293 3001 2392 3066 in-

265 3103 654 3175 sultaturum
697 3106 996 3175 omnium
1049 3105 1376 3200 capitibus
1415 3131 1428 3171 :
1469 3129 1548 3174 ac
1606 3119 1891 3199 negante
1939 3105 2231 3198 quodam
2273 3131 2393 3200 per

264 3213 726 3282 contumeliam
744 3266 762 3299 ,
777 3209 994 3280 Facile
1012 3213 1142 3281 hoc
1161 3210 1276 3280 ulli
1295 3206 1557 3279 feminae
1576 3211 1717 3279 fore
1734 3239 1754 3298 ;
1770 3211 2186 3306 responderit
2203 3217 2392 3308 quasi

265 3316 551 3390 alludens
588 3347 602 3389 :
652 3349 687 3384 <c
716 3323 800 3388 In
841 3321 1107 3412 Assyria
1140 3343 1406 3413 quoque
1437 3343 1746 3412 regnasse
1788 3321 2216 3409 Semiramin;
2253 3346 2391 3389 ma-

265 3448 584 3520 gnamque
650 3427 815 3496 Asiae
866 3441 1124 3524 partem
1177 3427 1549 3494 Amazonas
1600 3426 1886 3494 tenuisse
1939 3426 2296 3520 quondam.
2352 3459 2387 3493 >2

265 3533 436 3600 Suet.
465 3539 538 3602 in
572 3537 640 3606 C.
679 3536 848 3604 Coes.
881 3556 1036 3628 cap.
1064 3558 1181 3602 22.

360 3637 741 3709 Pharsalica
782 3641 924 3709 acie
966 3665 1170 3709 caesos
1211 3638 1729 3733 profligatosque
1778 3637 2191 3709 adversarios
2235 3665 2390 3734 pro·

264 3746 638 3838 spicientem
659 3800 678 3833 ,
718 3745 862 3815 haec
908 3772 1061 3814 eum
1105 3745 1190 3814 ad
1247 3746 1527 3813 verbum
1579 3743 1825 3815 dixisse
1868 3745 2073 3813 refert
2125 3747 2391 3818 Asinius

265 3851 504 3922 Pollio:
569 3883 603 3918 «
626 3855 777 3922 Hoc
821 3852 1178 3921 voluerunt
1216 3879 1230 3920 ε
1278 3853 1476 3922 tantis
1534 3852 1731 3920 rebus
1784 3853 1981 3945 gestis
2026 3854 2100 3921 C.
2167 3853 2399 3922 Caesar'

264 3960 734 4030 condemnatus
759 3985 969 4029 essem
986 4014 1005 4046 ,
1033 3961 1158 4028 nisi
1183 3959 1268 4026 ab
1298 3959 1593 4030 exercitu
1622 3954 1953 4058 auxilium„
1970 3959 2321 4052 petiissem.
2351 3990 2383 4024 >>

265 4067 429 4135 Suet.
471 4073 542 4136 in
577 4071 752 4139 Caes.
781 4091 834 4160 c.
873 4065 988 4136 3ο.
