3017 5042
535 499 674 550 ιω
976 475 1770 545 SUPPLEMENTA
1822 475 2195 564 VARIA,

526 635 738 681 cornu
782 622 1034 678 starent
1076 609 1329 677 intenti.
1369 610 1475 676 De
1517 607 1873 676 Caesariani
1907 609 2234 676 exercitus
2273 608 2506 679 ordine
2535 614 2672 680 mi-

527 719 703 785 nime
760 715 1059 784 dubium.
1099 714 1274 802 Vide
1329 739 1384 782 c.
1434 705 1541 784 '81
1583 768 1602 802 ‚
1662 711 1748 782 ad
1798 713 1942 782 haec
1993 714 2200 782 verba
2257 741 2274 784 ε
2325 720 2472 811 ipse
2515 724 2674 788 ac'c‘e

524 825 803 919 eriphi,
842 836 965 890 etc.
1408 825 1413 830 ’

630 931 787 998 Non
834 927 1093 1022 longius
1128 925 1520 1020 procedam,
1549 927 1900 1020 perspicua
1941 927 2118 994 enim
2157 941 2258 994 est
2279 929 2478 996 Hirtii
2515 953 2670 998 nar-

526 1036 713 1104 ratio.
763 1037 827 1104 Ν
830 1058 906 1104 ec
958 1032 1117 1101 utile
1162 1032 1325 1100 mihi
1373 1031 1636 1100 videtur
1679 1055 1876 1126 agere
1925 1032 2010 1101 de
2054 1035 2332 1102 Caesaris
2373 1034 2673 1104 absentia

526 1140 629 1209 vel
671 1140 1018 1235 praesentia
1055 1140 1125 1206 in
1180 1162 1258 1205 ea
1297 1161 1540 1232 pugna.
1587 1140 1955 1233 Scriptores
1992 1141 2264 1233 optimae
2301 1154 2474 1210 notae
2513 1166 2668 1211 eum

525 1261 679 1315 ante
704 1245 1006 1342 praelium
1048 1243 1400 1339 epileptico
1431 1244 1669 1313 morbo
1699 1259 2080 1341 correptum
2102 1245 2301 1314 fuisse
2333 1251 2674 1318 memoriae

523 1352 995 1450 prodiderunt,
1036 1375 1159 1418 nec
1213 1349 1411 1444 longe
1454 1351 1690 1418 absum
1738 1353 1900 1445 quin
1943 1354 2037 1421 eis
2087 1377 2341 1421 morem
2385 1378 2612 1448 geram
2650 1380 2668 1423 ε

524 1459 714 1527 aliter
752 1456 1021 1527 difficile
1050 1471 1221 1526 esset
1256 1455 1624 1551 explicare,
1660 1482 1782 1526 cur
1808 1458 2061 1552 injussu
2096 1461 2374 1528 Caesaris
2397 1459 2674 1530 tubicen

524 1589 565 1632 a
602 1563 920 1633 militibus
963 1578 1233 1632 coactus
1266 1587 1504 1632 canere
1552 1567 1868 1658 coeperit,
1909 1591 1964 1634 c.
2011 1565 2145 1653 823
2183 1563 2394 1634 multo
2427 1568 2674 1660 magiS,

524 1673 595 1738 in
640 1669 918 1739 dubium
961 1669 1775 1740 revocaretur-,crudelitas
1819 1672 2347 1740 Caesarianorum
2382 1673 2450 1739 in
2490 1673 2674 1742 cives

524 1778 737 1846 victos
790 1790 857 1845 et
896 1800 1082 1845 arma
1132 1776 1518 1871 suppliciter
1572 1775 1924 1847 tradentes.
1969 1781 2069 1846 Ea
2118 1779 2294 1846 enim
2339 1792 2482 1847 erat
2527 1776 2673 1848 cle—

525 1885 774 1952 mentia
821 1885 1099 1953 Caesaris
1120 1934 1138 1967 ‚
1193 1897 1262 1952 et
1326 1885 1466 1977 ejus
1533 1883 1892 1953 auctoritas
1932 1885 2002 1952 in
2045 1883 2312 1971 milite-S,
2355 1899 2431 1953 ut
2484 1882 2677 1953 nullo

523 1989 727 2058 modo
758 1990 934 2060 hanc
962 1988 1319 2086 disciplinae
1342 1989 1642 2061 militaris
1671 1989 2100 2062 violationem
2123 2015 2439 2086 passurus
2469 1989 2680 2061 fuisse

526 2095 846 2166 videatur.
2131 2109 2134 2112 ’
2175 2115 2180 2122 ·
2273 2125 2276 2128 ’
