3017 5042
634 417 782 511 432
1350 416 2068 485 DISSERTATIO

635 564 1095 632 monumenta3
1120 548 1235 617 sed
1262 572 1391 642 qua
1414 548 1497 617 de
1529 562 1726 617 causa
1752 547 1952 640 hujus
1975 549 2070 617 rei
2097 548 2498 633 meminerit,
2527 575 2667 619 non
2695 551 2784 618 in-

632 655 880 751 telligo.
929 657 1186 725 Nostris
1214 654 1626 749 temporibus
1652 677 1916 749 quoque
1945 655 2345 722 monasteria
2369 654 2595 723 diruta
2626 673 2782 725 sunt

634 766 703 830 in
720 761 911 831 'silvis
942 786 957 828 τ
992 786 1149 829 num
1184 758 1433 829 idcirco
1468 761 1718 854 posteri
1747 760 2025 829 credent
2059 783 2181 827 nos
2220 759 2423 847 silvis,
2455 786 2582 829 nec
2613 764 2784 830 urbi-

632 869 759 937 bus
798 864 1238 936 inhabitasse?
1284 869 1632 935 Postremo
1689 864 1789 935 Cl.
1849 866 2162 935 Dulaure
2217 865 2448 935 eadem
2498 870 2780 962 vestigia

630 975 897 1068 premit,
910 974 1151 1067 quibus
1162 987 1317 1041 ante
1328 974 1662 1067 ingressus
1677 986 1800 1058 est,
1819 986 2142 1066 putatque
2157 988 2556 1067 argumento
2575 999 2778 1067 quam

631 1082 888 1174 optimo
915 1081 1117 1148 urbes
1138 1102 1403 1147 eversas
1432 1103 1608 1163 esse,
1639 1068 1846 1171 quum
1874 1077 2142 1170 objiciat
2166 1102 2278 1147 eas
2301 1076 2534 1147 nullibi
2557 1103 2600 1147 a
2625 1082 2779 1150 Cae-

632 1210 776 1255 sare
810 1186 1094 1255 civitatis
1125 1184 1231 1252 vel
1266 1185 1604 1277 municipii
1639 1180 2077 1277 appellatione
2113 1184 2456 1277 insignitas
2479 1188 2776 1279 reperiri.

631 1292 875 1377 Nobis,
919 1315 1003 1359 ne
1047 1290 1275 1360 eadem
1320 1314 1581 1385 semper
1625 1301 2073 1375 recantemuS,
2109 1288 2194 1357 de
2237 1292 2505 1359 civitate
2543 1306 2776 1361 tacen-

630 1397 791 1467 dum
822 1411 953 1485 est,
978 1422 1114 1465 non
1149 1398 1308 1465 item
1339 1395 1421 1464 de
1450 1396 1830 1489 municipio.
1871 1396 2088 1464 Miror
2129 1408 2355 1465 tamen
2401 1398 2552 1465 viro
2597 1422 2775 1467 sum-

629 1528 754 1573 mae
800 1503 1119 1571 doctrinae
1139 1556 1158 1590 ‚
1204 1502 1384 1597 apud
1428 1500 1660 1571 Gallos
1701 1500 1998 1569 nondum
2053 1500 2365 1571 subactos
2411 1500 2776 1573 desiderari

628 1610 1169 1679 constitutionem
1200 1610 1478 1677 omnino
1515 1631 1878 1677 romanam.
1928 1608 2096 1695 Quis
2137 1608 2340 1677 risum
2387 1623 2688 1697 teneret,
2725 1614 2774 1679 si

626 1716 808 1827 apud
838 1713 1091 1785 Turcas
1120 1715 1387 1785 eosdem
1423 1716 1846 1808 magistratus
1883 1736 2326 1807 quaereremus
2355 1738 2564 1809 quam
2597 1716 2772 1811 apud

629 1805 791 1891 nos?
822 1823 876 1891 si
904 1822 1089 1891 verbi
1109 1822 1319 1915 gratia
1346 1818 1932 1913 Constantinopoli
1959 1818 2063 1888 vel
2095 1822 2369 1889 Taurini
2397 1820 2772 1891 diceremus

626 1928 855 1997 adesse
887 1927 1161 2021 perinde
1200 1950 1279 1996 ac
1318 1927 1582 1995 Parisiis
1611 1923 1717 1994 vel
1751 1927 2208 2020 Argentorati‚
2241 1952 2408 2020 quos
2450 1952 2770 1997 vocamus

624 2041 875 2104 maioes
886 2080 923 2121 ,·
936 2034 1265 2125 acffoints,
1286 2034 1680 2103 conseiller-s
1699 2032 2194 2127 munictpaux?
2212 2034 2582 2127 Nunquam
2613 2034 2770 2103 mihi

624 2164 1013 2236 persuasum
1054 2140 1181 2208 erit
1200 2192 1219 2226 ‚
1248 2139 1524 2213 doctum
1561 2137 2012 2206 adversarium
2057 2151 2361 2207 nostrum
2399 2140 2528 2209 sub
2556 2147 2768 2209 muni-

622 2252 791 2341 cipii
828 2244 1269 2339 appellatione
1312 2245 1556 2313 moenia
1587 2257 1656 2311 et
1695 2242 1964 2315 aedificia
2001 2243 2427 2331 intellexisse,
2463 2248 2766 2340 quamvis

622 2352 797 2421 idem
830 2350 912 2421 de
948 2354 1223 2421 ez'vitate
1261 2350 1509 2419 fecerit.

729 2460 1041 2527 Attamen
1081 2455 1266 2525 illum
1306 2455 1465 2525 nihil
1510 2456 1594 2525 de
1639 2458 1960 2526 sententia
2001 2457 2347 2543 deturbat,
2383 2461 2498 2553 qui
2539 2484 2612 2528 se
2649 2461 2766 2529 viae

618 2565 756 2658 jam
780 2564 1104 2657 accingit,
1132 2564 1462 2633 Caesarem
1506 2587 1630 2657 per
1658 2564 2034 2665 universam
2065 2562 2350 2634 Galliam
2392 2565 2477 2635 de
2513 2566 2762 2661 oppido

620 2670 707 2739 ad
742 2669 1091 2765 oppidum
1110 2683 1492 2756 secuturuS,
1535 2684 1614 2737 ut
1654 2659 1736 2737 ea
1783 2668 1869 2737 ad
1908 2669 2162 2738 nudum
2213 2685 2494 2740 everrat.
2544 2672 2758 2741 Prima

620 2792 839 2847 eastra
864 2776 948 2845 ad
975 2774 1451 2847 Noviodunum
1484 2776 1708 2869 ponit,
1737 2788 1805 2843 et
1835 2774 2142 2844 bellicum
2173 2778 2264 2846 sic
2293 2780 2509 2846 canit.
2551 2772 2763 2849 Ce'sar

618 2900 809 2953 entre
842 2882 1025 2953 dans
1053 2884 1119 2950 le
1148 2885 1592 2952 Sotssonnazzs
1623 2907 1644 2949 .·
1669 2882 1727 2949 tl
1747 2881 2070 2977 apprend
2087 2906 2224 2976 qne
2257 2884 2289 2951 l
2291 2883 2636 2977 ’oppidum
2675 2883 2758 2953 de

618 3014 698 3059 ce
718 3013 911 3085 pays
954 2980 1205 3082 appele'
1253 2987 1730 3057 Noviodunum
1774 2980 1952 3057 e'tait
1973 2988 2168 3073 vide,
2199 3004 2274 3056 et
2290 3012 2380 3057 ne
2403 2996 2758 3072 contenuit

602 3118 953 3190 personne
962 3118 1155 3190 pour
1178 3094 1252 3181 ‘le
1292 3086 1665 3186 defindre3
1698 3097 1885 3163 ainsi
1915 3095 2092 3187 qu’t'l
2107 3100 2396 3188 pouvat’t
2433 3098 2588 3164 s’en
2622 3120 2749 3165 em-

603 3224 829 3297 ptu-er
873 3224 1044 3269 sans
1090 3192 1465 3269 re'sistanee
1505 3226 1528 3267 .·
1576 3205 1755 3269 mais
1795 3201 1850 3268 il
1892 3206 2090 3269 remit
2139 3216 2314 3269 cette
2357 3194 2750 3297 expedittbn

615 3332 713 3377 aa
754 3297 1155 3377 lendemain.
1189 3306 1590 3402 Cependant
1629 3308 1727 3375 les
1765 3305 2118 3375 habitants
2145 3306 2242 3375 du
2281 3309 2742 3393 Sotssonnats,

614 3419 863 3484 avertis
908 3412 1002 3481 du
1033 3406 1331 3508 progr-es
1376 3412 1463 3481 de
1506 3404 1724 3483 Cesar
1741 3465 1779 3498 ,.
1803 3418 2075 3481 vinrent
2110 3404 2442 3508 pendant
2486 3416 2566 3483 la
2605 3420 2748 3483 nuit

612 3545 907 3616 occuper
931 3534 1047 3589 cet
1084 3517 1441 3612 oppidum;
1482 3534 1553 3585 et
1597 3519 1672 3586 la
1705 3517 2060 3587 multitude
2097 3520 2213 3613 sffy·
2235 3510 2531 3614 re'fitgia.
2565 3521 2744 3608 Quot

613 3627 821 3696 verba
837 3680 856 3713 ‚
886 3639 987 3694 tot
1026 3624 1162 3693 fere
1193 3648 1470 3692 errores.
1503 3622 1602 3693 cl.
1635 3626 1948 3693 Dulaztre
1983 3648 2251 3695 causam
2283 3628 2601 3718 praeterit,
2629 3650 2743 3695 eur

612 3737 837 3804 Caesar
862 3732 1351 3826 aggressionem
1380 3731 1448 3797 in
1476 3732 1832 3799 crastinam
1857 3730 2033 3799 diem
2057 3728 2426 3817 distulerit,
2461 3754 2740 3825 eumque

610 3838 883 3925 inducit,
915 3852 992 3907 ut
1011 3838 1229 3904 virum
1255 3837 1503 3930 ingenii
1533 3834 1694 3907 levis
1710 3887 1730 3923 ,
1760 3836 1872 3930 qui
1902 3837 2174 3906 rationis
2195 3858 2432 3931 expers
2455 3836 2734 3908 diceret:

610 3948 809 4014 Istius
850 3944 1096 4037 negotii
1152 3966 1261 4011 me
1302 3942 1501 4010 hodie
1543 3941 1775 4027 taede13
1826 3941 1964 4036 jam
2023 3941 2551 4037 advesperascit;
2597 3966 2736 4013 cras

610 4050 1217 4145 quumdormiero,
1251 4048 1336 4117 ad
1370 4049 1933 4142 oppugnationem
1972 4049 2434 4119 incumbemus
2465 4073 2481 4117 :
2523 4044 2735 4119 cmi·
