3017 5042
641 465 791 548 444
1094 464 1099 467 ·
1180 464 1189 473 ’
1341 460 2075 528 mssERTATlo

640 596 861 664 mibus
900 594 1389 663 remansissent.
1436 592 1569 663 Sed
1607 593 1742 661 hoc
1787 592 2080 685 ejusdem
2113 577 2340 661 farinae
2383 607 2485 661 est
2509 646 2528 679 ‚
2578 616 2772 687 quam

640 692 981 796 superiora
1032 714 1443 794 argumenta.
1495 702 1718 768 Caesar
1763 700 1940 767 enim
1983 700 2051 765 in
2099 698 2349 792 oppido
2389 700 2774 792 praesidium

640 806 1083 877 collocaverat
1096 860 1117 893 ‚
1142 806 1258 875 sed
1284 804 1611 875 exercitiis
1629 806 1914 873 maxima
1938 828 2115 898 pars,
2143 804 2226 873 de
2249 828 2379 897 qua
2405 806 2514 875 hic
2540 807 2775 900 agitur,

638 915 706 982 in
737 915 957 983 vicino
986 937 1148 1008 agro
1183 927 1401 982 castra
1428 925 1764 1007 posuerat.
1794 913 1900 980 De
1926 909 2230 1004 praesidio
2258 912 2598 1005 speciatim
2621 912 2777 981 dixit

639 1022 898 1108 Caesar,
930 1034 997 1087 et
1020 1019 1205 1089 addit
1236 1045 1250 1087 :
1294 1048 1327 1083 <c
1348 1022 1531 1087 Dum
1568 1041 1818 1112 paucos
1849 1016 1991 1086 dies
2027 1018 2113 1086 ad
2141 1019 2622 1087 Vesontionem
2651 1044 2778 1093 mo-

638 1141 843 1196 ratur.
869 1156 904 1190 »
925 1127 1166 1213 Vides,
1188 1127 1398 1195 amice
1429 1124 1670 1209 lector,
1695 1148 1894 1218 quam
1926 1125 1997 1192 in
2026 1122 2314 1218 legendo
2345 1124 2448 1193 Cl.
2467 1127 2777 1195 Dulaure

636 1246 989 1303 accuratus
1020 1235 1119 1301 sit.
1148 1231 1607 1321 Quamobrem
1645 1230 1807 1300 locis
1841 1231 2058 1299 citatis
2093 1254 2356 1324 semper
2382 1230 2689 1301 diffidas:
2719 1248 2778 1301 et

638 1355 715 1408 ut
755 1340 874 1408 tibi
918 1337 1097 1408 aliud
1144 1336 1521 1432 exemplum
1563 1336 2026 1424 ostendamuS‚
2071 1338 2357 1431 teipsum
2393 1336 2481 1405 ad
2524 1337 2682 1407 libri
2701 1363 2744 1406 v
2758 1393 2775 1423 ‚

634 1470 785 1540 cap.
842 1470 867 1513 1
888 1470 927 1513 2
966 1460 1033 1514 et
1082 1449 1172 1531 14
1212 1445 1412 1514 refer:
1445 1445 1537 1513 ibi
1561 1443 1664 1513 Cl.
1694 1444 2010 1512 Dulaure
2039 1444 2273 1512 tribuit
2307 1444 2776 1514 Britannorum

635 1553 961 1620 universae
996 1552 1180 1645 genti
1224 1550 1718 1620 similitudinem
1755 1542 1910 1618 cum
1939 1547 2148 1618 Gallis
2181 1575 2195 1616 ε
2233 1573 2380 1643 quae
2422 1551 2778 1621 similitudo

636 1658 723 1727 ad
760 1682 927 1727 unos
965 1656 1201 1726 littoris
1249 1656 1497 1726 incolas
1549 1657 1866 1751 pertinet,
1916 1670 1992 1723 ut
2032 1670 2190 1749 pote
2235 1657 2350 1751 qui
2390 1656 2778 1753 plerumque

638 1766 769 1834 sint
792 1763 1061 1858 belgicae
1085 1764 1373 1858 originis.
1413 1765 1520 1832 De
1547 1762 1652 1833 his
1679 1762 1843 1831 dixit
1861 1763 2083 1831 Gaesar
2110 1788 2124 1829 :
2159 1792 2194 1827 «
2227 1762 2776 1859 Creberrimaque

634 1870 912 1940 aedificia
946 1869 1084 1939 fere
1123 1868 1394 1939 Gallicis
1443 1866 1833 1963 consimilia.
1865 1896 1899 1932 2>
1947 1871 2001 1935 F
2001 1866 2208 1937 alsam
2247 1872 2470 1963 itaque
2512 1872 2776 1941 conclu·

636 1979 888 2046 sionem
913 1975 1183 2046 deducit
1208 1990 1467 2062 noster,
1494 1999 1702 2069 quum
1742 1973 1902 2043 dicit
1925 1976 2172 2069 oppida
2198 1976 2530 2045 interioris
2546 1980 2774 2070 partiS,

631 2098 703 2153 et
737 2083 983 2177 oppida
1027 2080 1259 2152 Galliae
1300 2106 1568 2176 quoque
1605 2080 1842 2150 similia
1879 2080 2115 2169 fuisse,
2147 2096 2224 2149 ut
2257 2080 2359 2150 his
2394 2085 2775 2177 praemissis‚

636 2192 843 2284 possit
870 2188 1273 2283 paragraphi
1293 2212 1450 2257 xx11
1472 2180 1987 2282 descriptionem
2016 2188 2278 2283 oppidis
2295 2189 2776 2259 nostris'obtru·

635 2297 813 2365 dere.
832 2298 943 2364 Ait
961 2298 1222 2364 Caesar:
1250 2324 1283 2359 α
1308 2294 1652 2389 Oppidum
1679 2309 1902 2363 autem
1931 2283 2175 2364 vocant
2207 2297 2542 2383 Britanni,
2571 2322 2772 2391 quum

636 2401 831 2470 silvas
846 2464 851 2468 .
866 2401 1217 2494 impeditas
1242 2400 1419 2469 vallo
1441 2414 1642 2494 atque
1667 2398 1842 2470 fossa
1871 2406 2262 2487 munierint,
2295 2427 2434 2496 quo
2458 2408 2775 2473 incus-seb·

632 2514 737 2577 nis
753 2507 1047 2577 hostium
1068 2508 1383 2577 vitandoe
1399 2532 1622 2577 causa
1635 2513 1988 2577 conventre
2001 2524 2428 2577 consuerunt.
2453 2539 2489 2574 »
2535 2511 2772 2579 Strabo

627 2617 750 2683 ait:
778 2616 999 2693 Πόλεις
1030 2606 1090 2681 δ’
1120 2618 1322 2682 αὐτῶν
1347 2614 1489 2681 εἰσὶν
1519 2615 1577 2681 οἱ
1604 2606 1840 2707 δρυμοί·
1867 2609 2340 2707 περιφράξαντες
2363 2614 2478 2711 γὰρ
2504 2608 2773 2710 δένδρεσι

632 2715 1193 2814 καταέεέλημένοις
1228 2725 1538 2815 εὐρυχωρῆ
1582 2723 1831 2804 κύκλον,
1865 2720 1972 2788 ’καὶ
2011 2720 2189 2788 αὐτοὶ
2221 2721 2481 2789 ἐνταῦθα
2511 2718 2773 2790 καλυῧο-

632 2838 953 2895 ποιοῦνται
994 2826 1096 2893 καὶ
1138 2825 1218 2895 τὰ
1258 2830 1634 2921 βοσκήματα
1677 2827 2248 2920 καταςαθμεύουσιν
2284 2833 2352 2895 οὐ
2385 2830 2537 2919 πρὸς
2587 2832 2771 2897 πολὺν

628 2934 863 3025 χρόνον.
904 2936 1173 3001 Possem
1219 2933 1751 3002 observationem
1791 2932 2068 3027 alicujus
2112 2936 2432 3003 momenti
2476 2935 2773 3028 proferre

632 3065 715 3108 ex
742 3039 1109 3108 Strabone:
1141 3034 1695 3107 καλυέοποιοῦνται
1724 3041 2020 3109 Britanni
2038 3062 2216 3125 ‚non
2242 3041 2512 3135 quidem
2537 3040 2626 3110 ad
2647 3039 2773 3111 lon-

628 3170 789 3239 gum
834 3160 1127 3241 tempus;
1168 3141 1724 3235 καλυέᾳποιοῢνται
1762 3160 2012 3238 tamen-2
2040 3148 2133 3215 ita
2174 3146 2412 3241 liquet,
2449 3148 2634 3242 apud
2665 3174 2772 3217 eos

626 3252 874 3346 oppida
896 3277 1161 3346 quoque
1178 3252 1694 3321 habitationibus
1711 3254 2116 3339 inserviisse,
2143 3256 2445 3348 quamvis
2466 3254 2772 3348 perbrevi

629 3359 947 3453 temporis
981 3359 1192 3453 spatio
1224 3359 1367 3428 haec
1404 3358 1816 3446 desererent,
1846 3358 2102 3454 aliaque
2131 3375 2568 3429 exstruerent.
2597 3361 2772 3449 Quid

626 3490 809 3533 nunc
836 3464 918 3533 de
938 3463 1171 3534 Galliae
1194 3465 1455 3559 oppidis
1482 3465 1866 3553 dicendum,
1885 3490 2032 3559 quae
2050 3491 2390 3560 nunquam
2416 3466 2568 3536 loco
2595 3484 2770 3537 mota

630 3570 823 3640 sunt?
840 3572 1191 3641 Genabum
1217 3573 1394 3639 enim
1418 3597 1681 3666 semper
1698 3572 1878 3666 apud
1905 3574 2232 3641 Carnutes
2247 3626 2269 3659 ‚
2285 3574 2594 3643 Bibracta
2619 3600 2772 3644 sem-

630 3702 752 3771 per
792 3678 971 3772 apud
1012 3678 1262 3747 AEduos
1304 3693 1663 3764 steterunt3
1703 3694 1772 3747 et
1816 3677 2092 3748 aedificia
2136 3694 2320 3749 certo
2361 3683 2658 3767 inerant,
2701 3696 2771 3749 ut

628 3785 827 3853 urbes
846 3786 1084 3854 merito
1108 3784 1503 3854 dicerentur.
1528 3788 1862 3855 Caeterum
1889 3787 2218 3854 Caesarem
2243 3786 2770 3882 Strabonemque

627 3891 949 3960 habemus
968 3893 1035 3959 in
1060 3892 1125 3960 id
1154 3894 1674 3977 consentientes,
1693 3894 1804 3986 qui
1832 3906 2110 3987 uterque
2137 3892 2449 3962 lectorem
2475 3907 2768 3975 monent,

628 4022 713 4063 ne
736 3999 1087 4067 Britanniae
1109 3998 1353 4092 oppida
1378 3999 1576 4067 urbes
1601 4024 1742 4073 esse
1766 4014 1973 4092 putet.
2007 4001 2250 4093 Ecquis
2268 4025 2429 4068 vero
2454 3999 2540 4067 de
2559 3998 2768 4070 Gallia

625 4102 798 4173 idem
844 4104 1259 4174 observavit?
1304 4107 1437 4173 imo
1482 4104 1719 4173 nullus.
