3017 5042
678 463 827 535 303
879 497 888 512 ι
1576 444 1923 530 I‘NnEx

671 623 782 666 res
797 652 817 683 ,
853 611 921 666 et
948 596 1132 690 leges
1145 648 1172 680 ,
1207 607 1279 662 et
1313 597 1655 689 ingenium
1690 598 2027 662 sim-erum
2056 598 2527 690 mtegmmque
2563 621 2614 666 a
2650 622 2796 668 con-

671 709 954 800 tagione
992 701 1388 771 accolarum
1450 715 1903 770 servaverunt.
1938 702 2026 768 Et
2065 702 2330 770 Tacitus
2364 704 2434 770 in
2470 704 2763 798 Agricola
2782 759 2799 792 ,

672 811 1070 880 Massiliam
1120 821 1320 876 vocat
1361 809 1583 878 locum
1621 829 1865 902 groeca
1909 811 2263 893 comitate,
2312 823 2387 876 et
2415 813 2806 904 provinciali

658 920 1106 1011 parcimonia
1135 919 1404 982 mistum
1414 967 1437 1000 ‚
1479 917 1571 980 ac
1606 913 1777 982 bene
1815 917 2280 1008 compositum.

757 1021 1173 1092 SoliPlautus
1197 1034 1265 1089 et
1278 1020 1635 1088 Athenaeus
1655 1018 2166 1088 Massiliensium
2184 1043 2403 1089 mores
2416 1022 2800 1117 vituperant,

675 1143 744 1198 et
771 1154 886 1198 eos
924 1125 1622 1197 mollitieiinsimulant
1642 1151 1661 1212 3
1685 1141 1755 1194 at
1790 1151 2021 1195 omnes
2055 1121 2334 1214 norunt,
2364 1153 2513 1222 quae
2543 1130 2629 1196 sit
2656 1128 2802 1198 fides

674 1233 1050 1304 adhibenda
1078 1234 1359 1320 comico,
1384 1246 1633 1302 uterat
1662 1230 1969 1320 Plautus,
1991 1245 2060 1300 et
2084 1232 2453 1302 aristarcho
2476 1235 2802 1322 Athenaeo,

673 1343 976 1437 pessimae
1011 1339 1166 1409 fidei
1195 1339 1486 1425 homini,
1507 1339 1623 1433 qui
1654 1339 1987 1434 maximos,
2005 1339 2225 1427 viros,
2249 1340 2635 1435 optimaque
2665 1366 2801 1436 ope·

674 1473 749 1517 ra
779 1449 1026 1540 injusta
1065 1444 1475 1542 malignitate
1512 1469 1785 1541 carpere
1818 1469 2161 1539 nunquam
2197 1446 2480 1514 erubuit.

784 1556 1114 1626 Marlsco
1159 1547 1274 1642 (B.
1317 1554 1400 1621 G.
1437 1551 1476 1620 l.
1519 1576 1660 1639 vn,
1698 1575 1842 1646 cap.
1881 1575 1981 1646 90
2002 1543 2047 1639 ).
2084 1549 2213 1638 46⁰
2239 1549 2283 1635 ξ
2315 1551 2424 1621 lat.
2464 1551 2537 1622 2⁰
2576 1551 2623 1637 ξ
2649 1554 2803 1648 long.

674 1661 939 1730 Primus
975 1663 1148 1729 inter
1186 1660 1541 1754 scriptores
1574 1671 1802 1727 noster
1833 1657 2033 1752 hujus
2064 1658 2248 1726 urbis
2277 1661 2583 1728 meminit
2604 1687 2623 1746 ;
2648 1663 2805 1730 Stra·

677 1768 768 1836 bo
797 1782 864 1836 et
903 1766 1178 1836 Ptolem.
1219 1765 1301 1834 de
1339 1789 1416 1834 ea
1453 1764 1692 1853 silent3
1728 1779 2021 1834 attamen
2057 1766 2344 1835 Matisco
2384 1767 2561 1836 inter
2600 1769 2803 1862 praeci·
2847 1771 2854 1790 ¹

676 1899 842 1970 puas
887 1872 1255 1944 AEduorum
1304 1872 1506 1941 urbes
1550 1872 1925 1967 emporium
1967 1886 2148 1959 erat,
2183 1871 2301 1940 ubi
2314 1926 2349 1961 ‚.
2383 1885 2553 1942 teste
2599 1875 2809 1943 notitia

677 1981 938 2050 romani
961 1982 1190 2075 imper.
1211 2033 1230 2063 ,
1249 1978 1502 2048 fabrica
1523 1979 1795 2072 vigebat
1811 1979 2199 2074 sagittarum
2220 2004 2236 2046 ε
2256 1979 2669 2050 itinerarium
2688 1981 2805 2049 An·

678 2089 890 2156 tonini
929 2101 998 2156 et
1025 2086 1185 2154 Tab.
1213 2087 1589 2180 Peutinger.
1620 2109 1766 2153 eam
1797 2099 2204 2181 agnoscunt,
2240 2099 2309 2154 et
2343 2083 2578 2156 locant.
2610 2089 2677 2156 in
2710 2111 2805 2156 eo-

681 2195 833 2262 dem
861 2194 1019 2275 situ,
1043 2217 1178 2287 quo
1215 2216 1396 2260 nunc
1427 2207 1529 2260 est
1566 2183 1863 2280 Mdcon,
1909 2183 2063 2287 de'p.
2100 2191 2190 2261 de
2222 2188 2802 2264 Sadne-et-Imre.

786 2300 1159 2370 MATRONA
1187 2289 1305 2387 (B.
1341 2300 1423 2367 G.
1463 2296 1575 2366 lib.
1614 2322 1679 2385 1,
1717 2321 1861 2392 cap.
1903 2322 1930 2368 1
1969 2289 2017 2387 ).
2060 2297 2331 2370 Fluvius
2364 2299 2631 2389 Galliae,
2658 2303 2806 2370 inter

683 2404 812 2493 48ο
843 2420 911 2473 et
937 2403 1067 2499 49ο
1091 2404 1201 2473 lat.
1233 2402 1310 2474 0⁰
1344 2417 1412 2473 et
1445 2401 1519 2474 3⁰
1551 2404 1726 2498 long.
1747 2458 1766 2493 ,
1802 2419 2027 2473 ortum
2060 2405 2313 2475 habens
2344 2406 2414 2474 in
2443 2408 2803 2502 Lingonum

525 2521 532 2534 ‘
683 2512 926 2582 finibus
946 2565 965 2598 ,
1007 2535 1218 2606 prope
1263 2509 1811 2580 Andomatunum
1837 2565 1858 2601 ,
1897 2514 1967 2580 in
2007 2513 2159 2581 vico
2202 2511 2401 2606 sylvae
2447 2515 2804 2609 Lingonicae

684 2617 1004 2706 Balisma,
1044 2632 1112 2688 et
1153 2615 1414 2686 calvum
1454 2631 1787 2703 montem3
1821 2633 2019 2712 atque
2072 2619 2141 2685 in
2180 2619 2559 2714 Sequanam
2582 2675 2604 2708 ,
2644 2634 2807 2716 post-

685 2751 886 2820 quam
914 2722 1348 2811 Catalaunos,
1377 2726 1787 2819 Sparnacum
1807 2777 1826 2810 ,
1854 2726 2312 2812 Dormanum,
2339 2727 2635 2795 latinum
2664 2724 2807 2794 Mel·

687 2832 925 2900 dorum
943 2885 962 2918 ,
991 2831 1408 2900 Latiniacum
1439 2829 1653 2914 alluit,
1678 2828 1879 2923 paulo
1906 2854 2109 2926 supra
2138 2833 2504 2921 Lutetiam,
2532 2833 2807 2902 influens.

667 2937 1114 3031 ‘Caeteroquin
1147 2938 1305 3005 satis
1335 2950 1552 3005 notus.
1586 2934 1805 3004 Hodie
1846 2937 1924 3005 la
1944 2940 2202 3006 Mame
2222 2965 2251 3024 ‚·
2282 2955 2674 3034 corruptum
2702 2963 2809 3006 vo-

695 3043 1009 3113 cabulum
1055 3067 1137 3111 ex
1177 3046 1554 3127 Matrona,
1606 3040 1835 3112 deletis
1884 3041 2116 3112 litteris
2171 3058 2206 3111 t
2235 3059 2304 3114 et
2340 3071 2416 3133 o,
2461 3045 2571 3115 vel
2616 3046 2811 3141 potius

697 3149 996 3218 effictum
1039 3174 1076 3217 e
1117 3151 1494 3233 Materna;
1542 3149 1634 3218 sic
1678 3150 1853 3218 enim
1891 3149 2275 3226 recentioris
2313 3153 2437 3220 aevi
2481 3154 2811 3247 scriptores

698 3256 981 3342 habent,
1023 3269 1100 3324 ut
1135 3254 1557 3324 Frodoardus
1593 3255 1661 3322 in
1705 3255 2063 3326 Chronico·

809 3363 1062 3431 Mamu
1109 3353 1224 3449 (B.
1269 3359 1408 3430 Afr.
1452 3385 1593 3455 cap.
1640 3356 1719 3449 3,
1753 3359 1837 3448 6,
1879 3349 2041 3451 83').
2080 3362 2318 3457 Populi
2364 3365 2811 3434 Mauritaniam

703 3466 1065 3537 incolentes
1085 3521 1104 3554 ,
1134 3491 1420 3562 quorum
1454 3481 1797 3556 naturam,
1830 3492 2049 3536 mores
2082 3482 2150 3536 et
2178 3493 2385 3564 genus
2421 3471 2575 3540 vitae
2609 3472 2695 3540 ita
2728 3469 2813 3538 de-

705 3575 934 3645 scribit
957 3573 1172 3643 Strab.
1208 3572 1247 3641 l.
1268 3596 1416 3642 xvn
1449 3597 1463 3639 ε
1499 3600 1535 3636 «
1568 3573 1902 3642 Caeterum
1929 3576 2187 3662 Mauri,
2220 3577 2340 3645 etsi
2368 3575 2536 3646 adeo
2562 3577 2811 3666 uberem

705 3681 1045 3780 regionem
1075 3680 1486 3766 inhabitant,
1521 3692 1746 3747 tamen
1782 3679 1867 3748 ad
1894 3680 2024 3750 hoc
2052 3705 2261 3776 usque
2294 3697 2557 3777 tempus
2596 3703 2813 3776 magna

706 3776 789 3858 ex
839 3801 1028 3882 parte
1077 3786 1343 3855 incertis
1394 3798 1725 3880 vagantur
1777 3785 2059 3856 sedibus.
2100 3789 2188 3856 Hi
2246 3813 2471 3858 comas
2518 3788 2813 3860 cincinnis

708 3906 1065 3981 exornant,
1111 3907 1181 3960 et
1213 3891 1492 3960 barbam
1528 3906 1843 3980 eomunt,
1872 3916 2239 3989 aurumque
2263 3909 2563 3991 gestant,
2604 3893 2813 3964 dentes

643 4079 656 4086 ‚
706 4014 996 4094 tergent,
1026 3999 1350 4092 unguium
1375 3998 1789 4067 incrementa
1822 4014 2157 4090 resecant,
2194 4025 2274 4071 ac
2302 4025 2457 4070 raro
2483 4001 2705 4070 videas
2730 4001 2813 4067 in·

706 4122 810 4176 ter
827 4132 900 4175 se
918 4103 1374 4199 contingentes
1393 4157 1414 4192 ,
1438 4103 1597 4199 quin
1636 4102 2025 4200 capillorum
2050 4122 2359 4177 ornatum
2396 4121 2689 4202 tangant.
2713 4107 2813 4174 Pu-
