3017 5042
606 472 761 553 ιοοΝ
1065 440 1861 515 snPPLEMENTA
1913 441 2279 533 νΑΒΙΑ,

598 580 885 675 explicat
909 579 976 647 in
1012 603 1249 673 campo
1280 577 1361 646 ad
1392 602 1534 645 rem
1569 576 2058 649 decernendam
2101 578 2484 672 aptissim03
2521 604 2578 649 c.
2625 582 2740 677 78.

596 689 820 783 Scipio
857 700 1078 755 autem
1117 685 1283 753 urbe
1324 686 1545 778 Tegea
1588 694 1963 778 protectus,
2003 710 2140 753 non
2181 683 2441 778 longius
2477 686 2616 755 fere
2649 690 2738 756 M.

600 819 771 889 pass.
812 817 849 862 a
895 790 1371 860 munitionibus
1422 792 1556 859 suis
1607 788 2071 883 progreditur3
2116 788 2232 858 sed
2274 792 2366 858 ibi
2409 791 2743 885 explicatis

602 902 810 995 copiis
839 912 1293 969 commoratus
1332 912 1466 984 est,
1490 910 1558 965 et
1587 911 1850 991 tempus
1883 895 2011 964 diei
2050 898 2118 963 in
2147 897 2284 965 otio
2315 901 2740 994 consumpsit.

598 1004 1002 1077 Velitatione
1059 1018 1323 1073 tantum
1365 1005 1539 1072 inter
1586 1004 1840 1096 equites
1882 1002 2224 1097 utriusque
2279 1006 2486 1097 partis
2542 1005 2742 1093 facta,

591 1113 962 1183 adversarii
1001 1110 1201 1181 ainbo
1246 1134 1315 1178 se
1353 1112 1423 1178 in
1462 1109 1682 1178 castra
1726 1110 2070 1203 recipiunt.
2119 1112 2329 1179 Porro
2367 1112 2562 1179 sicuti
2606 1116 2743 1181 Coe-

600 1221 763 1288 saris
806 1219 1225 1314 potissimum
1276 1217 1592 1285 intererat
1645 1214 1943 1309 praelium
1981 1218 2435 1304 committere,
2484 1242 2570 1285 ne
2608 1233 2744 1287 tum

599 1340 877 1420 propter
902 1348 1148 1393 novam
1185 1321 1467 1391 militum
1506 1323 1991 1407 accessionem,
2023 1336 2164 1389 tum
2197 1324 2396 1391 etiam
2429 1323 2518 1391 ob
2549 1348 2743 1417 aqua-

600 1458 752 1500 rum
789 1432 1138 1525 penuriam
1160 1482 1178 1517 ‚
1226 1427 1447 1497 denuo
1501 1429 1725 1522 inopia
1781 1443 2237 1522 premeretur3
2277 1430 2368 1497 ita
2413 1430 2746 1524 Scipioni,

600 1537 837 1607 eadem
884 1558 1015 1629 qua
1052 1558 1252 1630 supra
1289 1536 1581 1619 ratione,
1625 1548 1902 1603 eventus
1942 1533 2351 1604 differendus
2395 1549 2464 1603 et
2505 1535 2744 1605 bellum

600 1666 793 1715 mora
836 1641 1345 1738 producendum
1389 1640 1760 1710 videbatur.
1808 1642 2032 1709 Caesar
2081 1642 2284 1735 igitur
2337 1642 2515 1710 Prid.
2575 1646 2744 1712 Non.

602 1752 765 1847 Apr.
802 1750 999 1819 tertia
1030 1748 1255 1845 vigilia
1292 1772 1594 1843 egressus
1623 1747 1710 1817 ab
1741 1748 1955 1841 Agar,
1993 1762 2192 1817 nocte
2232 1772 2624 1843 progressus
2669 1751 2748 1819 ad

601 1858 948 1953 Thapsum
984 1870 1225 1927 castra·
1246 1857 1467 1950 ponit,
1506 1854 1964 1949 oppidumque
1989 1856 2339 1925 circumire
2367 1858 2587 1949 eoepit.
2617 1858 2750 1927 Sita

598 1978 707 2033 est
740 1964 884 2033 haec
914 1964 1076 2032 urbs
1096 2013 1119 2051 ‚
1152 1984 1301 2057 quae
1330 1977 1399 2031 et
1426 1975 1700 2057 portum
1729 1961 1982 2055 praebet
2008 1963 2650 2055 opportunissimum
2677 1986 2750 2033 ac

602 2070 1249 2171 frequentissimum,
1294 2070 1364 2136 in
1402 2065 1648 2163 angulo
1692 2081 1913 2154 terrae,
1958 2066 2302 2161 paululum
2345 2072 2751 2158 excurrenti,

601 2192 673 2246 et
706 2174 909 2270 paulo
942 2178 1165 2245 minus
1195 2174 1398 2244 distat
1428 2175 1514 2259 ab
1541 2176 1722 2269 Agar
1745 2122 1915 2243 XVI
1949 2172 2106 2241 mill.
2142 2197 2312 2269 pass,
2353 2167 2436 2263 (5
2477 2169 2753 2265 henes),

605 2286 1039 2351 Euronotum
1070 2304 1322 2350 versus.
1376 2280 1483 2349 Ad
1542 2280 1924 2349 distantiam
1975 2283 2076 2351 lv
2123 2280 2399 2349 millium
2448 2307 2622 2377 pass,
2673 2284 2754 2351 ab

572 2386 859 2496 ¹oppido
896 2403 967 2458 et
1008 2402 1245 2483 portu,
1290 2412 1331 2455 a
1370 2388 1541 2455 mari
1575 2401 1802 2457 autem
1847 2388 1994 2455 MD
2040 2411 2208 2481 pass.
2233 2442 2252 2475 ‚
2303 2403 2616 2484 stagnum
2661 2404 2757 2459 est

608 2494 1005 2581 salinarum,
1052 2494 1234 2588 quod
1274 2516 1457 2563 nrunc
1496 2518 1762 2588 quoque
1804 2507 2022 2586 extat,
2059 2509 2128 2563 et
2169 2495 2314 2564 fuse
2351 2495 2754 2590 descriptum

610 2616 712 2671 est
737 2625 857 2669 aar.
878 2626 933 2669 c.
960 2600 1184 2687 Shaw,
1209 2602 1364 2668 Itin.
1384 2602 1460 2669 T.
1483 2602 1549 2683 Ι,
1570 2626 1633 2694 p.
1673 2602 1846 2685 224.
1869 2601 2094 2669 Caesar
2121 2617 2345 2670 autem
2377 2604 2756 2672 existimans

612 2708 993 2802 Scipionem
1030 2655 1277 2775 auxilio
1319 2706 1708 2775 adfuturum
1755 2706 2220 2801 Thapsitanis,
2274 2711 2564 2801 primum
2616 2708 2759 2779 loca

612 2828 993 2910 opportuna
1040 2813 1361 2908 pioesidiis
1400 2827 1724 2907 occupat,
1759 2836 1844 2879 ne
1884 2813 2112 2883 hostes
2157 2816 2410 2883 intrare
2444 2816 2530 2884 ad
2579 2841 2650 2885 se
2685 2840 2759 2885 ac

616 2918 763 2989 loca
794 2922 1113 2989 interiora
1150 2944 1389 3013 capere
1427 2922 1726 3013 possint3
1767 2900 2006 2987 deinde
2041 2923 2328 3015 spatium
2369 2922 2552 3015 qu‘od
2593 2925 2762 2991 inter

618 3052 803 3097 mare
826 3041 897 3095 et
914 3042 1223 3122 stannum
1248 3028 1461 3119 jacet,
1490 3023 1802 3110 castello,
1827 3030 1894 3093 et
1914 3024 2156 3120 triplici
2177 3027 2484 3120 praesidio
2511 3032 2762 3115 munit,

618 3133 889 3201 demum
932 3158 1085 3201 cum
1130 3132 1397 3226 reliquis
1428 3133 1638 3225 copiis
1679 3131 1914 3199 urbem
1959 3131 2200 3203 lunatis
2225 3136 2456 3204 castris
2489 3136 2765 3205 circum-

622 3239 757 3308 dat.
790 3242 889 3307 Ea
920 3254 1065 3307 erat
1103 3240 1459 3309 Caesariani
1494 3239 1821 3307 exercitus
1859 3239 2201 3334 dispositio
2229 3253 2386 3309 ante
2418 3242 2762 3336 Thapsum

621 3339 921 3441 (ομ-79).
960 3347 1241 3415 Interim
1272 3347 1493 3440 Scipio
1537 3345 1820 3439 cognitis
1859 3348 2136 3415 Caesaris
2174 3346 2496 3431 consiliis,
2535 3349 2624 3417 ad
2661 3372 2765 3417 ne·

622 3455 995 3523 cessitatem
1038 3450 1397 3522 dimicandi
1447 3466 1718 3520 coactus
1737 3502 1756 3537 ‚
1806 3452 2055 3546 quippe
2099 3455 2214 3546 qui
2260 3456 2594 3523 Caesarem
2650 3479 2766 3549 per

623 3561 964 3654 superiora
991 3558 1138 3629 loca
1174 3571 1573 3626 consecutus
1603 3571 1806 3643 esset,
1838 3560 2009 3626 VIII
2045 3557 2201 3627 mill.
2237 3584 2408 3653 pass.
2434 3585 2472 3628 a
2496 3562 2766 3655 Thapso

622 3665 793 3735 binis
850 3667 1085 3735 castr-is
1138 3663 1439 3733 consedit
1464 3716 1483 3751 ‚
1533 3677 1603 3732 et
1646 3662 1746 3730 ad·
1785 3662 2022 3732 urbem
2078 3690 2200 3761 per
2253 3669 2542 3761 spatium
2589 3666 2768 3763 quod

622 3771 1089 3867 descripsimus
1118 3772 1292 3839 inter
1318 3784 1627 3864 stagnum
1657 3783 1725 3838 et
1751 3794 1934 3838 mare
1955 3825 1974 3859 ‚
2002 3796 2313 3841 occasum
2341 3796 2620 3863 versuS‚-
2639 3789 2772 3843 ten·

624 3893 721 3946 tat
750 3879 1083 3948 accedere.
1114 3877 1222 3946 Ab
1242 3900 1321 3944 ea
1344 3900 1490 3970 spe,
1521 3874 1790 3945 castello
1819 3890 1890 3945 et
1909 3878 2225 3973 praesidiis
2251 3879 2550 3973 dejectus
2567 3933 2587 3967 ‚
2611 3904 2765 3949 con-

623 3986 927 4054 versione
960 3985 1175 4072 facta·‚
1212 3984 1542 4051 orientem
1581 4006 1852 4072 versus,
1889 4010 2024 4054 non
2069 3982 2264 4081 longe
2303 3980 2504 4075 (MD
2542 3980 2765 4081 pass.)

624 4114 663 4158 a
701 4093 933 4160 castris
966 4089 1416 4185 praesidiisque
1448 4091 1877 4179 Caesarianis,
1908 4090 2042 4161 scil.
2077 4106 2230 4161 ante
2253 4091 2482 4161 lunata
2513 4107 2766 4177 castra,
