3017 5042
632 422 843 494 VEL
892 421 1846 495 DISSERTATIONES.
2225 453 2370 526 109

256 580 474 628 venere
504 610 523 643 ,
572 556 685 625 ubi
734 554 1151 626 velitationes
1208 570 1353 624 tum
1390 558 1687 650 equitum
1712 612 1733 646 ,
1783 573 1928 627 tum
1969 560 2268 653 peditum
2305 580 2373 632 et

253 664 399 734 levis
438 678 791 733 armaturae
830 662 1021 733 factae
1052 662 1324 731 fuerunt
1372 666 1512 731 sine
1554 663 1694 733 ullo
1734 690 2042 735 successu
2066 720 2085 755 ,
2135 692 2190 737 c.
2239 673 2371 757 24,

258 768 361 842 25.
385 770 580 839 Unde
598 784 719 858 ,.ut
744 770 937 838 nobis
964 769 1265 858 videtur,
1291 771 1646 864 Pompeius
1669 785 1887 841 castra
1923 776 2166 861 movit,
2195 800 2332 843 non
2353 830 2372 863 ,

255 893 320 947 ut
341 880 424 946 ait
442 892 675 946 auctor
690 930 711 965 ,
725 892 993 962 contra,
1014 900 1227 971 prope
1241 877 1564 971 Hispalim
1584 872 1778 967 (nam
1806 878 2092 973 Hispalis
2112 880 2372 975 longius

255 975 530 1071 aberat);
550 982 665 1052 sed
699 1007 971 1069 versus,
997 983 1227 1051 eadem
1262 983 1626 1053 directione
1655 987 1725 1051 in
1755 1009 1886 1079 qua
1912 987 1978 1053 U
1983 1010 2131 1055 rsao
2161 990 2374 1081 posita

252 1105 395 1159 erat.
438 1093 664 1160 Caesar
706 1114 869 1159 vero
908 1091 1419 1185 Ventispontem
1460 1090 1782 1186 oppidum
1819 1114 2050 1161 versus
2087 1118 2372 1188 progre-

253 1196 443 1281 ditur3
482 1221 685 1290 quam
715 1196 997 1281 urbem,
1048 1220 1195 1289 quae
1236 1197 1427 1265 nobis
1471 1198 1806 1293 incognita
1848 1223 2028 1267 nunc
2071 1214 2170 1268 est
2191 1254 2208 1287 ,
2250 1200 2374 1268 -sed

251 1318 409 1372 certe
440 1306 613 1371 inter
652 1305 975 1398 Ateguam
1017 1316 1085 1370 et
1121 1304 1487 1372 Carrucam
1505 1357 1525 1390 ,
1551 1303 1636 1373 de
1665 1328 1796 1397 qua
1825 1304 2034 1393 infra,
2065 1318 2134 1373 et
2171 1308 2371 1374 Mun-

254 1408 387 1477 dam
420 1412 668 1505 posita,
710 1412 920 1503 capit3
950 1408 1187 1478 deinde
1226 1412 1612 1477 Carrucam.
1650 1412 1999 1504 Pompei0,
2037 1425 2116 1479 ut
2151 1412 2371 1505 conje-

254 1518 471 1603 cimus,
515 1540 813 1611 pugnam
858 1516 1284 1601 detrectanti,
1328 1530 1396 1583 et
1440 1516 1736 1585 tendenti
1771 1540 2003 1586 versus
2049 1518 2372 1613 Hispalim

252 1621 471 1716 duplex
490 1622 841 1691 consilium
861 1637 1043 1709 erat,
1062 1621 1330 1710 scilicet,
1352 1636 1429 1690 ut
1461 1623 1664 1690 urbes
1683 1624 1940 1692 Baeticae
1965 1638 2375 1718 protegeret,

254 1731 439 1797 autin
469 1730 695 1797 officio
724 1731 1073 1815 retineret,
1103 1742 1304 1823 atque
1340 1726 1536 1796 simul
1565 1730 1815 1797 Caesari
1838 1732 2099 1823 copiam
2125 1732 2375 1801 faceret

254 1834 313 1901 in
346 1850 545 1903 terras
580 1837 936 1905 interiores
971 1834 1472 1929 progrediendi,
1506 1858 1584 1902 ea
1610 1850 1831 1903 mente
1855 1850 1931 1903 ut
1967 1860 2003 1903 a
2036 1862 2370 1906 commea-

257 1941 409 2009 tibus
434 1943 645 2011 hostis
670 1940 1067 2011 interclusus
1099 1942 1323 2035 inopia
1346 1939 2092 2036 facilius‘premeretur3
2128 1945 2375 2013 Caesari

256 2062 453 2119 autem
492 2063 571 2117 ut
625 2047 827 2117 urbes
871 2050 1158 2143 regionis
1209 2048 1540 2117 interioris
1591 2062 1900 2117 nutantes
1947 2063 2014 2116 et
2057 2051 2376 2143 Pompeio

256 2170 505 2249 propter
544 2153 1009 2223 crudelitatem
1060 2154 1347 2223 infensas
1398 2154 1483 2222 ad
1535 2180 1603 2223 se
1651 2155 1963 2223 traheret.
2023 2157 2378 2250 Pompeius

258 2284 375 2329 non
424 2264 491 2330 in
538 2286 661 2331 sua
718 2264 999 2329 statione
1046 2259 1313 2355 longius
1358 2274 1655 2330 moratus
1700 2276 1836 2349 est;
1891 2265 2052 2329 nam'
2083 2255 2178 2351 (c.
2233 2256 2374 2359 27)

259 2366 523 2437 Ucubim
564 2368 977 2465 regreditur,
1004 2391 1221 2461 quam
1254 2366 1550 2449 incendit
1572 2420 1590 2455 ,
1613 2368 1851 2436 deinde
1888 2370 2219 2439 Caesarem
2259 2394 2380 2464 per

260 2490 491 2545 montes
522 2478 862 2543 insecutus
906 2473 1202 2543 similiter
1238 2477 1602 2543 Carrucam
1627 2466 1922 2562 (urbem'
1949 2478 2375 2571 incognitam.
2447 2472 2454 2479 '

260 2580 391 2648 vid.
408 2582 549 2650 Ind.
566 2573 847 2674 Geogr.)
868 2581 1149 2649 flammis
1170 2580 1368 2648 dedit.
1391 2584 1495 2648 Ita
1515 2580 1654 2648 duo
1673 2579 2055 2668 adversarii,
2073 2584 2182 2675 qui
2195 2636 2213 2669 ‚
2231 2582 2382 2675 post

186 2712 215 2769 j
258 2686 688 2758 velitationem
724 2703 879 2757 ante
912 2688 1307 2756 Soricariam
1352 2687 1593 2754 factam
1617 2740 1635 2772 ,
1677 2689 1961 2780 sep-arati
1999 2686 2382 2779 aliquandiu

258 2790 367 2860 iter
404 2794 731 2881 fecerant,
758 2796 1021 2863 interim
1060 2794 1273 2887 juncti
1312 2806 1682 2885 sequuntur
1727 2791 1964 2859 lineam
2007 2808 2259 2861 rectam
2297 2795 2382 2861 ab

261 2897 495 2995 Ategua
544 2917 617 2970 et
655 2901 917 2988 Ucubi,
967 2924 1178 2995 usque
1235 2898 1317 2968 ad
1370 2923 1685 2991 campum
1737 2898 2180 2967 Mundensem
2203 2953 2222 2988 ,
2267 2901 2382 2968 ubi

262 3004 461 3076 Caesar
486 3023 644 3104 post
677 3008 1069 3103 Pompeium
1101 3007 1439 3101 pervenit,
1458 3019 1658 3099 atque
1695 3006 1940 3074 ibidem
1969 3019 2186 3074 castra
2220 3030 2382 3076 con·

260 3123 349 3179 tra
380 3116 623 3209 posuit.

351 3221 688 3309 Quoniam
732 3221 816 3290 ad
854 3220 1298 3290 Mundensem
1334 3242 1630 3315 pugnam
1663 3220 2123 3315 pervenimuS,
2167 3222 2387 3314 campi

261 3322 319 3390 in
350 3352 477 3421 quo
520 3352 603 3397 ea
629 3330 981 3397 commissa
1014 3327 1141 3397 fuit
1164 3326 1678 3421 descriptionem
1711 3326 1998 3419 aliquam
2026 3324 2386 3395 lectoribus

261 3430 485 3503 offerre
521 3460 793 3505 necesse
828 3450 945 3504 est.
992 3434 1249 3503 Munda
1290 3434 1487 3518 urim,
1535 3456 1680 3528 quae
1730 3432 1929 3502 hodie
1979 3433 2104 3501 sub
2148 3432 2384 3504 eodem

260 3542 507 3610 nomine
554 3557 766 3611 exstat
802 3544 871 3609 in
909 3545 1145 3635 Regno
1188 3542 1624 3627 Granatensi‚
1667 3554 1734 3609 et
1773 3530 1977 3607 XXX
2013 3537 2170 3606 mill.
2209 3562 2384 3632 pass,

260 3662 365 3711 seu
402 3651 503 3716 XI
547 3647 751 3717 leucis
802 3648 1008 3717 franc.
1052 3650 1175 3716 Oc.
1224 3648 1430 3719 distat,
1471 3648 1558 3715 ab
1598 3648 1765 3715 urbe
1817 3644 2112 3731 Malaca,
2149 3660 2310 3713 tunc
2349 3668 2388 3711 a

262 3749 660 3848 Pompeianis
696 3756 1091 3842 tenebatur3
1118 3778 1328 3849 porro
1358 3778 1437 3823 ea
1480 3768 1581 3823 est
1623 3756 1693 3821 in
1728 3754 1978 3823 montis
1997 3750 2387 3821 ’declivitate
2492 3750 2511 3760 '

266 3856 349 3923 sic
386 3864 601 3953 posita
621 3916 640 3949 ,
680 3877 758 3930 ut
787 3877 941 3929 ante
974 3862 1310 3945 sehabeat
1342 3841 1685 3955 planitiem
1722 3860 1987 3929 circiter
2021 3856 2178 3925 mill.
2215 3882 2384 3950 pasS.

264 3964 538 4061 quinque
582 3969 669 4036 ab
708 3970 891 4037 omni
934 3983 1126 4063 parte
1159 3982 1518 4061 patentem.
1561 3968 1915 4059 Pompeius
1943 3979 2178 4033 castr-a
2214 3964 2388 4033 loca-

266 4088 441 4143 verat
468 4078 653 4167 juxta
688 4075 1014 4145 Mundam
1033 4129 1052 4162 ,
1085 4074 1171 4143 ad
1206 4076 1582 4161 sinistram,
1609 4076 1677 4141 in
1715 4072 1950 4143 eodem
1980 4070 2185 4160 clivo,
2213 4071 2391 4141 unde
