3017 5042
789 455 1000 528 VEL
1051 458 1997 530 mssERTATloNEs
2308 462 2403 564 73

285 606 446 662 rent.
475 588 629 662 Fuit
649 603 872 660 autem
899 591 1098 684 hujus
1115 591 1600 662 severissimum
1621 593 2009 687 imperium,
2028 593 2274 689 quippe
2298 597 2407 664 cui

281 713 498 769 nautae
539 721 800 768 summo
843 695 1100 772 silentio
1141 697 1451 790 tacitique
1499 697 1769 768 obedire
1820 714 2231 794 cogerentur.
2276 699 2407 770 Sed

279 803 454 873 ultra
495 827 602 872 res
639 802 722 870 ad
758 804 1244 897 navigationem
1278 806 1677 886 necessarias
1707 805 1849 898 ejus
1880 806 2229 900 imperium
2270 830 2408 875 non

279 908 790 996 extendebatur,
825 907 1051 1002 quales
1093 924 1249 978 sunt
1291 909 1663 1004 expandere
1698 909 1844 980 vela
1866 963 1885 998 ,
1930 910 2127 980 remis
2154 913 2409 980 incum-

280 1015 474 1104 bere,
503 1013 611 1084 vel
655 1037 769 1083 eos
811 1014 1139 1084 inhibere-
1157 1014 1394 1109 virgil.
1437 1016 1693 1086 AEneid.
1740 1019 1841 1102 V,
1883 1039 1908 1086 1
1929 1041 1967 1084 2
2008 1041 2022 1084 t

521 1187 657 1262 Ipse
688 1186 1054 1264 gubernator
1084 1185 1275 1264 puppi
1305 1181 1620 1244 Palinurus
1649 1187 1723 1244 ab
1754 1185 1867 1244 alta
1886 1228 2011 1244 ......

518 1279 812 1359 Colligere
845 1299 1004 1339 arma
1022 1280 1196 1358 jubet
1210 1325 1226 1354 ,
1254 1280 1583 1360 validisque
1612 1283 1955 1341 incumbere
1982 1283 2175 1342 remis.

280 1425 576 1494 Cursum
607 1423 794 1492 navis
821 1420 1146 1517 dirigebat
1160 1476 1180 1509 ,
1213 1447 1291 1492 ac
1323 1422 1538 1492 sidera
1563 1424 1959 1496 observabat
1987 1450 2002 1493 :
2032 1451 2170 1494 uno
2205 1424 2411 1495 verbo

281 1528 601 1623 quidquid
630 1529 908 1597 nauticae
943 1530 1038 1598 rei
1073 1529 1196 1598 fuit
1220 1581 1240 1615 ‚
1269 1529 1354 1598 ad
1383 1554 1537 1598 eum
1573 1531 1962 1625 pertinebat.
2008 1535 2166 1601 Post
2198 1533 2413 1626 ipsum

273 1651 567 1731 proreta
608 1660 629 1702 .·
675 1659 830 1704 nam
873 1633 1277 1730 gubernator
1319 1660 1456 1704 non
1506 1661 1767 1730 semper
1798 1636 2059 1706 clavum
2102 1638 2375 1732 regebat
2399 1691 2420 1727 ,

284 1742 396 1810 sed
444 1739 597 1810 loco
641 1742 846 1835 ipsius
875 1757 1190 1836 proreta.
1227 1741 1406 1810 Suid.
1462 1750 1692 1835 πρωρεῒ
1727 1739 1899 1835 ἄρχει
1942 1750 1977 1810 ὁ
2022 1739 2413 1837 κυὲερνῆτης.

283 1843 607 1916 Officium
636 1871 796 1941 ergo
828 1861 1110 1942 proretae
1135 1847 1294 1934 fuit,
1334 1861 1409 1916 ut
1445 1848 1877 1943 gubernatori
1900 1851 2155 1918 veniret
2195 1851 2265 1918 in
2312 1849 2414 1918 la·-

283 1953 528 2026 borum
572 1968 830 2047 partem
874 1967 942 2022 et
974 1951 1060 2020 ad
1105 1953 1454 2049 imperium
1491 1953 1633 2046 ejus
1669 1967 1929 2048 regeret
1960 1952 2241 2024 clavum.
2282 1957 2415 2022 Tu-

283 2059 484 2128 telam
507 2058 800 2127 habebat
826 2083 1065 2154 prorae,
1085 2057 1265 2152 quod
1281 2059 1530 2129 indicat
1554 2084 1800 2130 nomen
1818 2059 1993 2153 ejus3
2012 2060 2417 2155 gubernator

283 2181 511 2234 autem
548 2165 832 2261 puppis:
875 2191 1080 2259 quum
1123 2179 1295 2235 esset
1327 2167 1395 2234 in
1431 2189 1668 2260 prora,
1714 2165 1846 2235 scil.
1885 2167 1954 2233 in
1992 2181 2179 2262 parte
2222 2181 2415 2236 ante-

282 2273 460 2341 riore
489 2272 679 2339 navis
698 2325 718 2358 ,
751 2270 1180 2365 gubernatori
1215 2285 1422 2365 syrtes
1449 2286 1519 2341 et
1547 2271 1854 2367 scopulos
1876 2271 2237 2360 indicabat,
2266 2287 2417 2360 etc.,

282 2392 410 2446 etc.
453 2380 646 2446 Inter
681 2377 943 2447 infimos
980 2379 1250 2447 navium
1282 2378 1705 2472 magistratus
1741 2378 2149 2474 praecipuum
2195 2377 2442 2448 locum'

281 2498 468 2552 tenet
505 2483 822 2552 hortator
859 2484 996 2552 sive
1023 2486 1448 2580 portisculus
1467 2531 1492 2567 ,
1547 2500 1616 2554 et
1656 2482 2009 2578 aliquando
2047 2489 2377 2578 magister
2392 2535 2417 2572 ,

282 2615 323 2658 a
355 2588 591 2684 graecis
626 2592 948 2667 κελευστὴς
981 2603 1278 2659 vocatus.
1313 2590 1529 2682 Hujus
1554 2593 1843 2659 maxima
1868 2614 2021 2685 pars
2041 2590 2277 2684 jubere
2307 2615 2419 2658 re-

281 2697 498 2790 miges
520 2692 628 2763 vel
647 2717 947 2790 pergere,
969 2692 1074 2763 vel
1099 2717 1398 2788 pausare.
1419 2697 1685 2764 Docent
1707 2697 1904 2764 Ennii
1932 2698 2121 2789 Frag.
2147 2721 2217 2790 p.
2252 2719 2278 2763 1
2298 2693 2419 2765 32.

563 2863 874 2918 Hortatore
906 2859 1066 2918 bono
1091 2859 1246 2938 priu’
1265 2903 1282 2930 ‚
1315 2879 1492 2937 quam
1516 2862 1641 2939 J’am
1665 2859 1871 2918 finibu’
1901 2871 2091 2918 termo
2122 2853 2237 2917 est:
2302 2885 2307 2890 ·

285 3023 501 3092 Erant
549 3035 618 3090 et
640 3045 646 3049 ·
665 3023 1024 3115 τριηραόλαι
1037 3073 1056 3110 ,
1107 3017 1629 3118 Symphoniaci,
1686 3022 1801 3116 qui
1853 3019 2013 3091 tibia
2060 3014 2423 3116 remigibus
2489 3106 2491 3109 Ι

287 3127 685 3216 cantabant3
710 3128 1086 3218 ναυφιΐλακες
1100 3181 1122 3216 ,
1149 3129 1466 3198 custodes
1497 3134 1726 3215 navis,
1758 3129 1871 3222 qui
1897 3142 2307 3198 armamenta
2338 3126 2425 3197 ad

289 3232 590 3302 militiam
619 3235 1016 3328 pertinentia
1045 3233 1541 3324 custodiebant3
1560 3249 1628 3304 et
1646 3233 1755 3304 alii
1780 3259 1949 3328 quos
1972 3235 2207 3304 omitto
2224 3287 2243 3318 ‚
2269 3235 2423 3327 quia

289 3365 425 3410 non
458 3340 530 3409 in
562 3341 742 3409 omni
777 3354 1076 3435 tempore
1111 3365 1235 3410 nec
1267 3341 1336 3409 in
1375 3341 1691 3410 omnibus.
1715 3341 1997 3435 navigiis
2030 3342 2179 3410 usui
2212 3354 2419 3408 erant.

397 3449 722 3540 Renges.
755 3449 1016 3516 Horum
1053 3445 1348 3516 officium
1373 3461 1517 3515 erat
1530 3501 1551 3535 ,
1584 3461 1662 3515 ut
1692 3471 2030 3516 remorum
2062 3471 2190 3516 usu
2222 3467 2426 3514 naves

293 3551 630 3621 ducerent.
681 3555 915 3620 Nautae
965 3550 1112 3620 vela
1163 3552 1268 3622 vel
1315 3550 1735 3622 adducebant
1756 3606 1780 3640 ,
1829 3551 1933 3622 vel
1976 3551 2421 3622 retrahebant.

291 3659 346 3724 Ii
387 3671 613 3726 autem
649 3679 815 3750 quos
853 3656 1177 3753 epibatas
1228 3658 1561 3728 vocabant
1598 3649 1727 3746 (ut
1766 3659 1945 3753 apud
1984 3683 2106 3727 nos
2150 3659 2249 3726 les
2290 3658 2426 3726 sol-

289 3763 452 3832 dats
490 3763 580 3832 de
618 3768 880 3832 marine
914 3757 942 3848 )
989 3765 1331 3834 maritimis
1374 3762 1611 3860 praeliis
1664 3764 2081 3858 peculiariter
2127 3762 2428 3831 instructi

292 3882 498 3938 erant.
543 3871 866 3939 Praeterea
909 3867 1245 3964 legionarii
1284 3883 1351 3938 et
1393 3871 1586 3956 socii,
1626 3885 1703 3938 ut
1741 3872 1809 3939 in
1851 3870 2270 3939 terrestribus
2316 3893 2427 3938 ex-

291 3974 752 4068 peditionibus.
806 3977 966 4044 Haec
1013 3977 1234 4044 omnia
1276 3977 1464 4044 navis
1508 3990 1989 4045 armamentum
2038 3988 2104 4044 et
2143 3999 2430 4070 appara-

294 4093 436 4150 tum
489 4080 806 4150 efficiunt.
851 4083 958 4150 De
1012 4079 1326 4152 classibus
1371 4106 1533 4152 vero
1552 4134 1573 4170 ,
1621 4105 1848 4150 earum
1908 4083 2383 4177 compositione
2408 4134 2429 4169 ,
