3017 5042
766 426 1647 498 GEOGRAPHICUS.
2203 428 2349 532 367

228 557 455 626 habens
494 555 823 650 originem
858 581 937 624 ac
976 559 1166 627 Getae
1200 571 1268 626 et
1300 560 1532 652 Mysos
1548 611 1567 646 ‚
1605 574 1838 655 utpote
1876 587 2024 656 quae
2061 568 2358 660 scythica

227 688 349 732 esse
375 662 693 732 videatur.
718 665 1077 733 Pausanias
1108 679 1332 734 tamen
1360 666 1662 734 eamdem
1690 667 2043 739 Thraciam
2073 674 2164 742 ait
2193 673 2356 744 olim

224 768 786 864 populosissimam
809 823 829 856 ‚
872 795 995 839 nec
1038 770 1158 839 ulli
1200 771 1476 860 cedere,
1523 775 1647 842 nisi
1689 774 1960 863 Galliae,
2003 777 2355 850 hominum

224 875 644 945 multitudine.

314 985 635 1052 Praeterea
683 981 933 1051 Plinius
974 983 1325 1053 Thraciam
1376 983 1662 1054 fertilem
1703 985 1974 1082 frugum
2016 991 2250 1084 vigore
2287 1007 2355 1064 et

222 1090 402 1158 tritici
428 1089 727 1184 pondere
756 1089 1023 1177 laudat3
1052 1104 1121 1158 et
1146 1091 1505 1162 Athenaeus
1534 1091 1863 1161 vitiferam
1893 1097 2158 1184 asserit3
2186 1124 2352 1194 quo-

129 1245 135 1254 .
222 1219 351 1265 rum
380 1197 769 1266 testimoniis
798 1196 1201 1292 opponenda
1230 1213 1386 1266 sunt
1411 1199 1555 1268 haec
1577 1202 1934 1294 Pomponii
1963 1202 2209 1272 verba:
2233 1209 2356 1275 Re-

216 1308 319 1395 gio
351 1328 476 1373 nec
504 1304 683 1372 coelo
720 1304 889 1372 laeta
903 1357 923 1392 ,
970 1327 1097 1372 nec
1131 1305 1333 1390 solo,·
1377 1321 1475 1391 et,
1519 1311 1657 1378 nisi
1685 1331 1831 1401 qua
1865 1315 2048 1377 mari
2063 1319 2358 1408 propior

220 1425 339 1496 est,
376 1409 752 1502 infiecunda
768 1462 788 1494 ,
812 1409 1096 1504 frigida
1126 1435 1493 1505 eorumque
1517 1436 1679 1505 quae
1707 1430 2026 1484 seruntur
2051 1421 2356 1514 maligne

220 1515 571 1586 admodum
586 1521 893 1612 patiens.
925 1521 1116 1586 Raro
1148 1540 1441 1611 usquam
1456 1519 1885 1613 pomiferam
1911 1521 2226 1594 arborem
2250 1533 2347 1596 vio

218 1623 787 1721 temfiequentius
812 1625 1099 1710 tolerat,
1130 1623 1262 1692 sed
1284 1647 1413 1692 nec
1437 1625 1587 1716 elus
1612 1627 1885 1719 quidem
1884 1629 2180 1716 fructus
2206 1657 2354 1702 ma·

218 1743 395 1798 turat
426 1753 517 1798 ac
548 1735 860 1824 mitigat,
894 1735 1033 1798 nisi
1060 1729 1484 1825 ubist-igora
1492 1731 1866 1822 frondium
1905 1735 2177 1826 olyectu
2212 1742 2354 1810 cul·

216 1850 385 1905 tores
418 1861 717 1909 arcuere.
754 1839 961 1906 Viros
988 1836 1345 1930 benignius
1380 1839 1549 1924 alit,
1595 1861 1736 1906 non
1771 1839 1876 1908 ad
1912 1848 2205 1935 speciem
2245 1862 2355 1914 ta

214 1946 403 2031 men3
448 1967 615 2012 nam
654 1959 728 2011 et
764 1966 973 2038 asper
1010 1959 1084 2011 et
1116 1943 1437 2012 indecens
1481 1968 1843 2040 corporum
1886 1946 2162 2016 habitus
2201 1967 2354 2020 est.-

214 2067 522 2118 caeter-um
558 2049 663 2118 ad
669 2050 1029 2141 ferociam
1064 2065 1138 2118 et
1168 2074 1548 2139 numerum,
1583 2066 1663 2118 ut
1699 2053 1898 2120 multi
1933 2059 2358 2151 immitesque

212 2161 368 2242 sint,
403 2161 707 2226 maxime
713 2156 969 2247 firaz.
1005 2158 1111 2224 De
1145 2155 1395 2225 ferocia
1426 2171 1493 2224 et
1517 2156 1824 2226 barbarie
1852 2158 2190 2230 Thracum
2219 2188 2357 2234 om·

210 2287 319 2331 nes
342 2264 789 2332 consentiunt.
813 2261 1101 2331 Thracia
1126 2261 1401 2332 diversis
1430 2265 1655 2356 paruit
1681 2266 1951 2359 regibus
1979 2282 2134 2335 ante
2163 2268 2357 2338 Clau·
2411 2291 2416 2296 ·

210 2367 389 2437 dium
426 2373 933 2464 imperatorem,
970 2367 1075 2436 vel
1120 2370 1342 2462 potius
1375 2393 1415 2436 a
1446 2371 1863 2464 Vespasiano
1886 2424 1903 2458 ,
1942 2388 2016 2442 ut
2051 2371 2238 2468 patet
2273 2403 2356 2446 ex

211 2476 567 2562 Suetoni03
598 2501 731 2568 quo
770 2489 1071 2569 tempore
1110 2477 1455 2567 provincia
1496 2499 1775 2544 romana
1805 2477 1983 2546 facta
2019 2496 2136 2549 est.
2169 2484 2353 2552 Prae-

212 2583 431 2676 cipuas
488 2581 781 2650 habebat
841 2581 1041 2649 urbes
1099 2579 1617 2676 Philippopolim
1643 2632 1662 2665 ,
1721 2584 2015 2651 Orestim
2071 2579 2355 2680 (postea

212 2681 821 2784 Hadrianopolim),
846 2701 911 2754 et
929 2688 1321 2780 Byzantium
1351 2680 1620 2782 (postea
1644 2688 2352 2786 Constantinopolim).

210 2796 363 2864 Haec
393 2820 547 2889 pars
576 2794 777 2864 hodie
800 2809 902 2862 est
928 2795 1164 2862 turcici
1194 2794 1489 2886 imperii,
1514 2807 1580 2861 et
1607 2795 2018 2888 improprie5
2034 2812 2111 2865 ut
2136 2798 2356 2868 obser—

208 2916 319 2970 vat
362 2903 419 2970 d
421 2903 757 2985 'Anville,
812 2900 1055 2968 dicitur
1111 2901 1181 2966 in
1228 2901 1487 2993 mappis
1535 2903 1912 2987 Romanie,
1964 2927 2172 2994 quum
2219 2930 2356 2975 vox

208 3010 534 3078 Roumiilz
544 3061 563 3092 ‚
622 3006 729 3076 vel
779 3011 1043 3076 Roum·
1062 3007 1139 3074 V
1130 3007 1365 3091 clatet
1419 3006 1503 3074 sit
1553 3030 1692 3118 non
1738 2955 2164 3102 peculiariter
2217 3011 2310 3081 illi
2332 3067 2354 3100 ,

208 3114 321 3183 sed
356 3116 481 3183 toti
518 3115 792 3183 Graeciae
826 3113 1249 3182 conveniens.

311 3223 583 3291 Tanau
617 3215 736 3310 (Β.
772 3222 847 3288 C.
881 3218 989 3286 lib.
1019 3229 1137 3307 111,
1168 3241 1224 3286 c.
1262 3209 1410 3306 22).
1442 3216 1682 3313 Populi
1709 3221 1955 3290 Cosam
1987 3221 2224 3292 urbem
2253 3225 2364 3294 in?

206 3325 520 3396 colentes.
548 3326 722 3395 Vide
764 3325 851 3394 ad
888 3325 1062 3393 hanc
1106 3271 1363 3394 ionem.
1394 3329 1397 3336 '

311 3436 718 3502 Tlctmmns
752 3436 995 3524 Pagus
1026 3423 1147 3522 (B.
1188 3433 1274 3500 G.
1319 3430 1433 3499 lib.
1468 3455 1534 3518 1,
1575 3455 1720 3525 cap.
1764 3425 1922 3521 12).
1957 3432 2086 3518 46θ
2117 3427 2160 3522 -Ξ-
2191 3435 2352 3505 latit.

214 3536 285 3610 5⁰
320 3538 499 3634 long.
539 3538 721 3607 Male
756 3540 1149 3632 interpretes
1184 3537 1416 3606 dicunt
1451 3541 1520 3606 Ζ
1521 3539 1712 3607 unck
1730 3563 1756 3623 ,·
1801 3563 1953 3607 nam
1993 3539 2157 3608 nihil
2194 3567 2354 3611 con·

207 3661 339 3716 stat
374 3661 442 3714 et
476 3669 724 3714 nomen
759 3646 1106 3713 incertum.
1158 3646 1269 3712 On
1302 3659 1411 3712 est
1448 3636 1801 3740 detrompe'
1817 3700 1840 3732 ,
1881 3647 2096 3738 inquit
2127 3647 2354 3717 d'An-

206 3755 407 3839 ville,
458 3744 669 3844 Ge'og.
714 3774 868 3820 anc.
912 3763 1073 3818 torn.
1108 3773 1133 3818 1
1152 3801 1171 3836 ‚
1210 3774 1277 3843 p.
1309 3749 1431 3835 88,
1465 3775 1588 3818 sur
1620 3753 1685 3819 le
1719 3767 2013 3846 rapport
2041 3753 2136 3820 du
2153 3757 2359 3850 Tigu-

185 3861 395 3945 ,rinus
426 3861 644 3952 Pagus
676 3851 727 3926 ὰ
761 3862 827 3926 Z
830 3855 1053 3941 unck
1096 3854 1337 3951 depuis
1371 3880 1465 3949 qu
1474 3857 1588 3924 'on
1624 3873 1727 3925 est
1761 3863 2036 3927 instruit
2053 3883 2202 3953 par
2222 3885 2357 3930 une

207 3971 612 4062 inscription
640 3969 949 4033 romaine
975 3987 1111 4056 que
1152 3963 1216 4032 le
1250 3987 1411 4030 nom
1444 3961 1540 4032 du
1573 3965 1706 4035 lieu
1744 3989 1792 4033 n
1800 3958 1998 4036 ’e'tait
2007 3971 2223 4110 point
2245 3970 2356 4036 Ti-

206 4097 493 4165 gurum‚
530 4077 711 4144 mais
744 4072 1080 4144 Turicum.
