3017 5042
475 473 480 478 .
599 417 734 482 DE
794 417 1442 482 GALLIARUM
1497 417 1978 485 URBIBUS.
2206 415 2357 505 445

1205 611 1349 688 IV.

327 805 451 872 Hic
473 803 571 872 Cl.
600 807 909 873 Dalazere
931 805 1012 872 de
1032 805 1392 874 recentium
1429 806 1739 899 opinione
1766 807 2052 894 disserit,
2073 835 2219 902 quae
2248 837 2359 906 op-

215 911 370 1004 pida
391 911 586 978 urbes
607 909 788 980 facit:
809 925 1097 994 constat,
1120 925 1194 980 ut
1209 913 1330 996 ait,
1351 914 1707 1006 scriptores
1726 937 1948 981 rerum
1970 913 2353 1008 gallicarum

215 1017 376 1084 falsa
401 1018 942 1111 interpretatione
973 1017 1318 1112 deceptoS,
1343 1043 1463 1086 nos
1489 1019 1561 1085 in
1591 1018 1898 1086 eumdem
1926 1043 2219 1088 errorem
2252 1025 2352 1090 in-

215 1123 507 1219 duxisse,
534 1125 601 1190 in
646 1148 778 1216 quo
821 1123 1168 1218 hucusque
1204 1115 1495 1209 (scilicet
1539 1148 1578 1191 a
1616 1124 1887 1194 Christo
1929 1140 2085 1194 nato
2122 1126 2206 1194 ad
2246 1129 2350 1198 Cl.

211 1229 523 1297 Dulaure
544 1221 801 1316 natum)
819 1231 1404 1323 perseveravimus,
1420 1229 1627 1298 Nihili
1647 1245 1803 1298 sunt
1822 1257 1967 1324 quae
1986 1231 2211 1322 retulit
2227 1237 2354 1302 Ha·

212 1334 482 1403 drianus
504 1333 838 1422 ValesiuS,
867 1336 1112 1429 quippe
1144 1337 1255 1429 qui
1285 1335 1914 1405 demonstrationem
1956 1363 2142 1406 suam
2175 1341 2354 1434 apud

211 1440 410 1508 medii
433 1443 558 1509 aevi
596 1442 949 1534 scriptores
981 1443 1356 1535 sumpserit.
1385 1440 1555 1508 Mihi
1590 1457 1775 1511 certo
1813 1469 1948 1511 non
1972 1444 2199 1514 eadem
2229 1447 2348 1514 ob-

203 1546 386 1638 jiciet
409 1545 507 1615 Cl.
533 1549 844 1616 Dulazcre
857 1575 882 1633 ,·
905 1572 1058 1614 nam
1077 1572 1282 1640 quum
1306 1546 1730 1616 oblectationi
1757 1549 1897 1640 ejus
1924 1549 2117 1618 valde
2142 1552 2353 1620 stude-

208 1677 372 1736 rem,
389 1651 642 1720 nullum
665 1667 1132 1746 argumentum
1153 1651 1433 1746 protuli,
1451 1652 1631 1752 quod
1650 1657 1872 1721 nonin
1896 1658 2160 1749 optimis
2176 1673 2360 1727 vete-

208 1758 388 1827 ribus
423 1759 856 1852 scriptoribus
888 1759 1256 1844 hauserim3
1296 1760 1518 1851 itaque
1559 1757 1942 1852 Polybium,
1985 1764 2349 1854 Caesarem,

207 1865 468 1933 Livium
486 1920 505 1949 ‚
525 1864 836 1953 Plinium,
849 1867 1147 1933 Tacitum
1166 1918 1184 1950 ,
1209 1863 1497 1958 aliosque
1517 1866 1585 1932 in
1599 1871 2006 1959 capue-inum
2028 1866 2209 1937 illum
2238 1873 2350 1938 im-

207 1973 382 2058 misi,
407 1971 594 2066 cujus
617 1973 928 2066 opinione
959 1973 1195 2040 nititur
1217 1969 1284 2038 in
1312 1970 1444 2039 fine
1474 1969 1575 2039 Cl.
1602 1973 1937 2055 Balaam,
1969 1962 2071 2042 tiis
2091 1976 2342 2046 verbis:

204 2080 408 2145 Dans
443 2079 516 2144 la
551 2072 856 2146 derne‘ere
883 2078 1160 2146 helrtoz're
1188 2076 1527 2145 d'Alsace
1540 2101 1693 2172 par
1715 2081 1816 2146 M.
1853 2071 2086 2149 l'abbe}
2119 2085 2345 2152 Gran-

203 2183 451 2268 dz'dz'er‚
505 2175 615 2251 c'et
649 2199 896 2252 auteur
935 2209 1108 2252 nous
1147 2183 1470 2280 apprend
1515 2185 1693 2278 qu’il
1724 2179 2027 2280 possede
2066 2211 2159 2255 un
2201 2183 2347 2258 mei-

203 2296 412 2358 moz're
429 2296 806 2359 manuscrit
824 2289 918 2359 du
939 2286 1112 2360 Pere
1131 2290 1646 2387 Marte-Ioseph
1667 2292 1999 2377 amand,
2021 2302 2340 2390 capucia,

203 2395 494 2465 membre
514 2396 600 2465 de
639 2389 1046 2466 l’acade'mze
1066 2396 1152 2465 de
1187 2401 1551 2486 Besanfon
1577 2424 1603 2481 ,·
1646 2449 1658 2463 .
1707 2449 1719 2464 .
1769 2449 1783 2466 .
1820 2450 1833 2465 .
1868 2425 2001 2492 que
2043 2401 2351 2471 Z'aateur

200 2526 251 2592 γ
281 2508 580 2572 soutz'ent
607 2529 740 2598 que
781 2498 1152 2597 l'oppidum
1195 2503 1317 2571 des
1365 2504 1655 2571 Gaulois
1684 2496 1935 2573 η’έῑαίί
1964 2508 2177 2598 qu'un
2210 2511 2343 2577 lieu

177 2601 466 2698 sortffi'e'
474 2664 494 2695 ,
520 2605 610 2677 οὺ
636 2611 721 2679 ils
745 2635 820 2678 se
846 2601 1594 2705 re'js'agz'czzentpeadant
1617 2610 1689 2678 la
1707 2633 1954 2702 guerre
1972 2635 2137 2680 avec·
2160 2615 2342 2682 leurs

176 2715 483 2804 fhmmes
518 2733 590 2784 et
627 2719 805 2784 leurs
835 2715 1149 2804 enfants,
1202 2732 1270 2782 et
1321 2715 1528 2808 qu'z‘ls
1571 2713 2143 2786 abandonnaient
2175 2713 2225 2788 ὰ
2267 2723 2340 2790 [α

191 2829 390 2916 pallae.

1217 2915 1316 2992 V.

299 3090 502 3160 Nunc
521 3087 967 3158 describendis
997 3087 1305 3156 domibus
1335 3110 1607 3179 operam
1640 3086 1754 3157 dat
1773 3140 1791 3174 ,
1822 3111 2061 3182 easque
2097 3093 2335 3162 iterum

197 3197 266 3264 in
311 3193 606 3264 diversas
649 3209 872 3288 partes
909 3196 1198 3288 spargit,
1243 3191 1693 3286 silvarumque
1730 3194 1967 3264 umbra
2011 3201 2335 3293 contegit3

195 3303 430 3374 nititur
453 3302 784 3395 praecipue
809 3300 958 3370 loco
988 3299 1096 3370 lib.
1119 3324 1193 3369 vl
1209 3353 1229 3387 ‚
1252 3323 1400 3394 cap.
1426 3295 1524 3370 30
1549 3325 1563 3366 τ
1598 3296 1851 3370 Basilus
1881 3302 2332 3398 Ambiorigem

143 3393 150 3400 ’
193 3409 650 3502 inopinantem
669 3407 1147 3502 ‘deprehendit3
1177 3406 1293 3479 sed
1333 3437 1368 3470 ι(
1403 3406 1514 3478 hic
1544 3405 1766 3478 rhedis
1802 3410 2115 3502 equisque
2150 3434 2333 3479 com·

191 3515 539 3608 prehensis
579 3527 864 3584 mortem
900 3512 1153 3606 effugit.
1201 3516 1350 3582 Hoc
1385 3538 1468 3582 eo
1506 3513 1759 3582 factum
1797 3527 1931 3600 est,
1962 3514 2143 3608 quod
2186 3517 2337 3585 aedi-

189 3620 348 3692 ficio
391 3620 803 3690 circumdato
843 3617 1006 3690 silva
1027 3669 1046 3702 ,
1087 3634 1166 3688 ut
1207 3633 1363 3691 sunt
1398 3616 1537 3687 fere
1579 3617 1912 3691 domicilia
1946 3617 2329 3709 Gallorum,

189 3729 303 3821 qui
339 3727 592 3795 vitandi
617 3739 816 3797 aestus
846 3748 1046 3796 causa
1079 3723 1470 3818 plerumque
1507 3723 1820 3795 silvarum
1864 3749 1944 3794 ac
1984 3725 2331 3798 fluminum

189 3847 433 3926 petunt
471 3833 998 3927 propinquitates
1003 3878 1133 3899 ......
1167 3859 1202 3896 »
1233 3833 1492 3899 Verum
1520 3831 1664 3901 haec
1696 3831 2077 3901 adversario
2100 3847 2331 3920 nostro

191 3937 438 4011 nullius
464 3941 608 4032 opis
635 3964 778 4008 esse
808 3951 1120 4033 possunt:
1143 3936 1226 4006 de
1251 3936 1515 4031 praediis
1543 3938 1679 4030 agit
1699 3939 1951 4024 Caesar,
1969 3942 2332 4032 praesertim

189 4071 398 4141 quum
442 4046 839 4141 Ambiorigis
882 4045 1120 4116 domus
1159 4043 1242 4114 ad
1299 4041 1681 4116 Arduenam
1733 4042 1964 4114 silvam
2014 4045 2336 4120 aedificata
