3017 5042
671 448 817 546 176
1070 444 1080 454 ’
1548 450 1912 521 INDEX

662 587 793 671 sel,
831 598 900 653 et
938 584 1196 677 Aggar
1230 582 1585 677 Selnepte,
1634 583 1911 652 diversis
1956 580 2301 651 itineribus
2345 582 2613 678 quidem
2635 639 2655 673 ‚
2699 580 2809 656 sed

663 694 822 761 satis
851 692 1240 786 propinquae
1270 689 1551 758 urbibus
1586 688 1984 777 AdrumetO,
2017 690 2317 784 Ruspina
2338 743 2357 778 ‚
2389 692 2586 785 Lepti
2604 742 2623 776 ,
2648 692 2809 763 Tha-

661 823 804 892 pso.
852 800 1002 865 H'oc
1053 794 1256 865 modo
1301 794 1436 864 'iter
1474 797 1774 891 signatur
1821 798 1890 864 in
1937 795 2069 864 tab.
2096 799 2302 893 'Peut
2344 820 2547 892 supra
2578 797 2757 868 dicta
2792 826 2807 867 :

662 906 922 999 Aggar
943 943 1050 955 —-
1077 926 1205 971 xlv
1230 908 1338 953 -“-
1365 904 1622 997 Aquas
1649 907 1883 997 regias
1899 942 2006 955 —-
2024 926 2149 972 xvl
2170 944 2278 955 —
2314 906 2605 974 Terento
2628 945 2736 957 —-
2762 932 2807 975 x

661 1012 1118 1081 --AEliae--
1134 1012 1625 1080 Sassuravtcus
1644 1050 1751 1060 —-
1768 1033 1876 1079 ΧΠ
1916 1010 2579 1080 —·Aviduvieus——
2598 1036 2680 1082 lx
2707 1048 2810 1059 --

661 1104 968 1187 Hadritb
1004 1139 1171 1185 xxv.
1205 1118 1482 1185 Summa
1513 1138 1791 1185 Lxxxvl
1820 1114 1980 1184 mill.
2018 1117 2101 1183 In
2125 1116 2463 1186 itinerario
2489 1119 2809 1189 Antonini

659 1226 920 1318 reperio
951 1223 1037 1291 ab
1073 1222 1240 1290 urbe
1273 1224 1593 1295 Mazara
1628 1213 1859 1311 (forte
1894 1226 2261 1318 Manange
2301 1224 2433 1292 tab.
2473 1227 2663 1295 Peut.
2692 1218 2806 1313 >in

660 1332 1026 1427 Zeugitana
1069 1328 1154 1397 ad
1187 1352 1418 1424 aquas
1459 1335 1695 1423 regias
1737 1354 1838 1399 xx
1854 1383 1875 1417 ,
1918 1328 2071 1397 inde
2115 1329 2200 1397 ad
2245 1335 2471 1400 vicum
2504 1333 2813 1427 Augusti

660 1461 898 1524 xxxv·,
925 1435 1080 1505 inde
1115 1435 1201 1504 ad
1236 1434 1689 1506 Adrumetum
1716 1460 1865 1505 xxv
1902 1435 2060 1505 mill.
2096 1461 2267 1531 pass.
2309 1439 2587 1506 Summa
2618 1464 2805 1510 Lxxx

658 1542 822 1612 mill.
866 1541 1244 1613 differentia
1280 1564 1328 1611 v
1362 1541 1522 1611 mill.
1566 1544 1750 1612 Urbs
1788 1546 2000 1638 Agar
2045 1544 2247 1637 igitur
2288 1546 2529 1615 omissa
2578 1546 2650 1613 in
2684 1548 2803 1615 Iti-

644 1643 925 1718 'nerario
954 1638 1273 1720 Antonini
1305 1663 1372 1719 et
1401 1652 1706 1721 restituta
1742 1674 1823 1719 ex
1854 1649 1991 1719 tab.
2028 1652 2213 1719 Peut.
2231 1703 2250 1738 ‚
2283 1651 2409 1720 erit
2437 1651 2692 1721 distans
2725 1653 2802 1721 ab

655 1756 826 1825 urbe
869 1756 1046 1825 dicta
1088 1760 1324 1852 Aquoe
1363 1760 1606 1852 Regz'ae
1647 1782 1696 1823 v
1735 1755 1893 1826 mill.
1937 1781 2106 1852 pass.
2153 1756 2436 1852 ideoque
2478 1758 2696 1828 aberit
2725 1758 2804 1827 ab

656 1864 1028 1933 Adrumeto
1088 1863 1186 1934 80
1225 1863 1384 1933 mill.
1423 1889 1544 1934 seu
1595 1862 1692 1933 26
1734 1862 1899 1933 leuc.
1946 1863 2154 1932 franc.
2195 1888 2510 1934 occasum
2542 1890 2803 1953 versuS,

655 1996 795 2039 non
849 1969 1048 2065 longe
1092 1970 1177 2038 ab
1229 1970 1380 2040 loco
1434 1972 1550 2065 qui
1602 1995 1782 2038 nunc
1833 1970 2075 2039 dicitur
2130 1974 2439 2043 Cai’roan
2480 1974 2553 2041 in
2598 1998 2801 2069 regno

655 2080 1025 2146 Tunetano.
1068 2076 1286 2165 Male,
1318 2092 1550 2151 nostro
1582 2077 1867 2169 judicio,
1901 2078 1977 2146 d’
1976 2079 2290 2167 Anville,
2320 2068 2538 2148 Atlas
2569 2104 2800 2175 geogr.

655 2184 741 2251 ad
771 2208 977 2278 opera
1010 2182 1259 2265 Rollini
1272 2184 1626 2280 ,planche
1663 2210 1701 2253 2
1718 2180 1801 2273 5,
1835 2185 2011 2254 hanc
2046 2184 2283 2253 urbem
2327 2184 2505 2255 locat
2546 2185 2803 2282 longius

654 2290 739 2357 ab
775 2289 944 2357 urbe
985 2294 1059 2359 K
1060 2314 1362 2361 azrevan

761 2397 1232 2466 Acmvmcmvs.
1236 2398 1409 2467 Vide
1432 2400 1731 2469 nostram
1754 2398 2319 2470 dissertationem
2302 2426 2371 2468 m
2391 2399 2524 2469 vol.
2556 2403 2801 2496 primo,

655 2505 822 2598 μίν]
844 2528 905 2590 1,
941 2527 1143 2596 quam
1162 2559 1182 2592 ‚
1211 2503 1365 2573 licet
1401 2505 1941 2577 doctissimorum
1969 2509 2269 2576 virorum
2307 2510 2653 2579 sententiis
2689 2507 2797 2578 ad·

654 2632 951 2698 versam,
993 2624 1218 2679 tamen
1261 2604 1506 2681 iterum
1544 2627 1848 2702 tuemur,
1898 2613 2259 2684 offerentes
2304 2614 2465 2685 hinc
2505 2613 2798 2684 tabulam

655 2718 896 2785 veteris
927 2717 1249 2807 Agendici
1275 2710 1661 2810 (Provz'ns)
1688 2746 1817 2789 aere
1850 2722 2161 2808 incisam,
2143 2748 2159 2761 ·
2188 2720 2342 2790 inde
2377 2723 2448 2789 in
2485 2721 2799 2791 auxilium

651 2834 969 2892 vocantes
997 2820 1167 2889 Gab.
1200 2826 1598 2915 symeonem
1631 2826 2127 2908 Florentinum,
2153 2843 2221 2895 et
2245 2831 2318 2894 P.
2350 2828 2689 2915 Ramum,
2724 2827 2800 2896 de

655 2928 897 3023 quibus
921 2951 1153 3022 supra,
1183 2952 1247 3021 p.
1292 2950 1319 2995 ι
1338 2925 1474 3011 613
1506 2942 1577 2995 et
1603 2926 2001 3021 quibuscum
2026 2927 2259 2998 eadem
2292 2933 2535 3002 sentire
2563 2932 2796 3027 gloria-

654 3059 826 3103 mur.
855 3025 1224 3128 Me'langes
1240 3025 1406 3102 tir-<is
1426 3034 1503 3103 d'
1502 3059 1636 3103 une
1652 3034 1927 3128 grande
1953 3030 2442 3131 bibliotheque,
2472 3054 2797 3127 t.xxv111,

643 3166 791 3239 p.1
812 3165 878 3235 7.
923 3142 1284 3229 Praeterea,
1325 3142 1744 3236 nuperrime,
1785 3141 2083 3211 eruditus
2113 3145 2217 3211 vir
2233 3146 2293 3212 J.
2328 3148 2408 3213 B.
2446 3133 2794 3239 Barreauu,

655 3249 894 3318 doctor
917 3238 1251 3336 medicus,
1281 3250 1349 3315 in
1389 3248 1853 3317 dissertatione
1881 3247 2396 3319 luculentissima
2433 3253 2540 3321 cui
2570 3252 2795 3324 titulus

654 3357 1098 3426 dlis-sertatim
1114 3379 1234 3424 sur
1247 3359 1574 3441 Provz‘ns,
1598 3359 1809 3424 Paris
1821 3358 2153 3450 ,Raynal
2181 3381 2206 3425 1
2227 3357 2319 3427 82
2341 3382 2367 3427 1
2402 3360 2491 3425 in·
2503 3382 2528 3427 1
2550 3386 2636 3450 2,
2662 3384 2793 3429 non

655 3463 871 3535 solum
913 3476 1140 3531 nostra
1183 3476 1579 3555 argumenta
1618 3462 2109 3551 corroboravit·
2140 3462 2253 3532 sed
2285 3479 2353 3534 et
2387 3464 2515 3534 alia
2544 3467 2795 3561 majora

653 3570 740 3641 ad
771 3596 912 3639 rem
943 3570 1352 3664 propositam
1385 3567 1913 3638 confirmandam
1944 3568 2231 3658 addidit,
2260 3570 2344 3673 ad
2373 3597 2575 3666 quem
2605 3574 2793 3644 sicuti

653 3677 739 3747 ad
781 3676 1310 3746 dissertationem
1365 3677 1493 3743 viri
1545 3674 1724 3744 docti
1773 3678 2007 3772 Opoix
2054 3668 2148 3766 (l’
2148 3701 2398 3747 ane-len
2453 3683 2745 3753 vains
2763 3732 2785 3766 ‚

651 3808 820 3855 avec
856 3784 1045 3853 deux
1082 3773 1595 3901 supplements,-
1638 3775 1689 3850 ὰ
1730 3787 2021 3856 Provins
2034 3837 2056 3870 ,
2108 3785 2275 3857 chez
2316 3784 2616 3873 Lebeau,
2662 3791 2787 3855 im-

511 3934 516 3937 -
634 3898 981 3989 primeur,
1025 3912 1050 3958 1
1069 3888 1112 3959 8
1131 3913 1156 3958 1
1176 3890 1263 3975 8,
1301 3890 1399 3958 in·
1416 3913 1440 3958 1
1461 3880 1586 3979 2),
1629 3892 1847 3984 primo
1894 3905 2125 3961 nostro
2152 3891 2493 3963 volumine
2523 3894 2787 3963 citatam

649 3997 966 4071 lec-'torem
1008 3997 1422 4066 remittimus.

741 4094 1104 4191 ALBAOE
1147 4105 1228 4174 C.
1266 4101 1306 4172 l.
1348 4126 1410 4193 1,
1439 4128 1496 4173 e.
1542 4096 1712 4195 24).
1747 4102 1877 4189 42⁰
1926 4103 2037 4175 lat.
2097 4106 2219 4177 11⁰
2264 4106 2588 4202 longitud.
2628 4107 2783 4178 Non
