3017 5042
506 485 553 568 4
893 474 896 482 ’
1054 477 1132 546 c,
1189 477 1482 547 JULII
1540 475 2016 546 cAEsAms

613 612 746 683 Sed
786 612 954 681 heus
1006 623 1081 678 tu
1099 663 1118 697 ,
1179 605 1380 678 celari
1421 606 1662 678 videor
1708 631 1748 676 a
1806 622 1890 677 te.
1948 607 2468 698 Quomodonam
2490 660 2513 696 ,
2563 615 2661 683 mi

503 722 710 791 frater
729 773 751 808 ‚
793 717 877 788 de
922 717 1166 786 nostris
1201 715 1506 784 versibus
1551 712 1825 784 Caesar?
1856 715 2036 784 Nam
2074 716 2364 810 primum
2408 715 2665 789 librum

503 855 574 898 se
617 826 850 921 legisse
903 823 1164 918 scripsit
1217 821 1303 890 ad
1353 846 1462 890 me
1499 836 1655 890 ante
1697 847 1713 890 ε
1757 836 1825 890 et
1866 823 2085 916 prima
2127 823 2221 892 sic
2244 876 2264 909 ‚
2310 835 2386 890 ut
2424 839 2663 920 neget,

501 960 572 1006 se
596 959 680 1003 ne
716 936 953 1003 Graeca
975 928 1244 1025 quidem
1279 925 1559 996 meliora
1584 925 1837 1023 legisse.
1876 926 2158 1022 Reliqua
2185 927 2271 998 ad
2298 931 2663 1024 quemdam

501 1042 726 1112 locum
767 1038 1165 1133 ῥαθυμώτερα
1202 1061 1217 1102 :
1247 1034 1378 1104 hoc
1422 1035 1600 1103 enim
1639 1037 1850 1105 utitur
1892 1035 2101 1104 verbo
2125 1089 2146 1124 ,
2174 1048 2299 1104 etc.
2338 1039 2466 1106 Ex
2518 1039 2655 1108 Cic.

501 1149 615 1219 lib.
658 1151 787 1234 JJ„
809 1145 914 1214 ad
942 1145 1266 1234 Quintum
1279 1142 1599 1234 fratrem
1618 1193 1641 1228 ,
1691 1144 1918 1236 Epist.
1963 1143 2226 1211 ultima.

606 1257 711 1324 Ex
737 1252 1074 1321 Britannia
1100 1242 1324 1318 Caesar
1351 1247 1437 1317 ad
1459 1271 1568 1317 me
1600 1246 1753 1316 Kal.
1786 1261 1951 1342 sept.
1972 1247 2155 1317 dedit
2180 1246 2466 1334 litteras3
2486 1273 2655 1344 quas

501 1388 627 1458 ego
668 1359 896 1452 accepi
939 1381 997 1424 a.
1046 1355 1108 1424 d.
1143 1357 1245 1424 IV
1281 1352 1433 1422 Kal.
1478 1354 1699 1423 octob.
1746 1355 1903 1423 satis
1944 1354 2329 1426 commodas
2373 1355 2457 1426 de
2496 1358 2655 1426 Bri-

499 1467 784 1540 tannicis
812 1463 1051 1534 rebus:
1083 1461 1356 1557 quibuS‚
1389 1485 1476 1530 ne
1503 1459 1829 1551 admirer,
1855 1461 2039 1556 quod
2066 1485 2107 1530 a
2134 1461 2439 1532 te·nullas
2460 1487 2652 1533 acce·
2682 1473 2694 1478 ’

500 1671 646 1728 unde
653 1670 890 1724 Lucilius
896 1680 1054 1741 poeta
1064 1667 1203 1721 hanc
1216 1665 1536 1738 signavithis

500 1753 679 1809 verbis
691 1771 706 1806 ι
718 1751 885 1804 Fanni
910 1748 1152 1802 Centussis
1174 1747 1394 1800 misellos.
1405 1747 1535 1800 Post

503 1852 669 1889 annos
684 1849 823 1884 xv111
843 1840 1122 1884 consecuta
1139 1838 1218 1880 est
1239 1827 1324 1879 lex
1343 1825 1502 1880 Didia
1515 1865 1535 1892 ,

501 1933 622 1987 quae
648 1930 760 1965 non
781 1910 948 1963 solam
967 1910 1158 1962 urbem
1173 1946 1189 1975 ‚
1207 1906 1300 1960 sed
1317 1907 1535 1960 univer-

499 2015 614 2048 sam
643 1992 851 2046 Italiam
896 1987 1088 2042 iisdem
1125 1988 1298 2060 poenis
1341 1987 1531 2040 tenuit.
1552 2033 1561 2040 ,

503 2068 712 2128 Deinde
743 2071 802 2124 P.
847 2069 1086 2122 Licinius
1123 2069 1342 2121 Crassus
1385 2065 1535 2119 dives

503 2171 700 2209 novam
722 2150 894 2221 legem
923 2148 1131 2219 rogavit
1155 2147 1358 2200 Fannia
1387 2164 1535 2199 seve·

503 2235 722 2297 riorem,
731 2249 836 2302 qua
843 2249 946 2282 ιιι
953 2227 1212 2281 duntaxat
1225 2244 1359 2280 asses
1373 2223 1536 2278 eden-

505 2313 566 2368 di
581 2331 738 2367 causa
754 2311 813 2362 in
836 2307 951 2362 dies
977 2307 1210 2379 singulos
1225 2324 1539 2359 consumere

508 2395 704 2466 cuique
718 2389 945 2444 licuerit.
962 2389 1148 2442 Postea
1173 2387 1236 2438 L.
1257 2386 1539 2440 Cornelius

391 2511 397 2520 ·
508 2474 656 2546 Sylla
682 2469 909 2525 dictator
923 2507 940 2534 ,
960 2467 1100 2522 cavit
1112 2479 1172 2520 ut
1189 2465 1332 2519 festis
1347 2463 1539 2518 diebus

510 2551 776 2608 sestertios
810 2550 1042 2602 tricenos
1072 2548 1128 2599 in
1159 2564 1363 2598 coenam
1391 2546 1540 2598 insu-

509 2652 658 2688 mere
690 2634 777 2704 jus
813 2642 866 2683 et
888 2639 1119 2701 potestas
1147 2638 1311 2692 esset;
1337 2625 1542 2678 caeteris

511 2714 703 2768 diebus
746 2730 857 2764 non
901 2708 1128 2781 amplius
1170 2719 1366 2759 ternos.
1397 2704 1544 2777 Sylla

513 2806 729 2848 mortuo
742 2831 759 2858 ,
776 2787 1012 2862 Lepidus
1033 2787 1220 2842 consul
1244 2805 1356 2838 non
1377 2784 1542 2838 modo

512 2891 786 2929 coenarum
799 2882 1065 2942 sumptus,
1089 2866 1181 2921 sed
1197 2867 1442 2919 ciborum
1459 2884 1546 2936 ge·

514 2973 617 3008 nus
655 2966 710 3006 et
752 2951 976 3005 modum
1019 2946 1322 3020 praefinivit.
1356 2945 1545 2998 Paucis

515 3031 804 3105 interjectis
815 3030 985 3095 annis,
998 3027 1188 3080 Antius
1205 3024 1404 3090 Restio,
1414 3042 1547 3095 prae-

518 3127 600 3168 ter
621 3113 740 3166 aeris
754 3112 1046 3182 impensam
1063 3144 1080 3174 ,
1098 3103 1156 3159 id
1172 3105 1331 3157 etiam
1346 3103 1544 3170 sanxit,

517 3207 581 3247 ut
623 3192 717 3265 qui
759 3191 1122 3261 magistratum
1167 3185 1420 3256 cepisset,
1459 3185 1547 3237 vel

517 3285 772 3346 captiuus
797 3283 958 3334 esset,
989 3285 1099 3321 non
1130 3277 1422 3330 coenatum,
1442 3263 1547 3317 nisi

520 3353 592 3408 ad
620 3363 788 3407 certas
813 3367 1092 3423 personas,
1122 3346 1240 3399 iret.
1269 3346 1547 3398 Postremo

519 3435 606 3489 lex
622 3435 655 3486 J
659 3433 764 3486 ulia
781 3429 1026 3504 pervenit
1041 3425 1110 3480 ad
1133 3425 1420 3497 populum,
1442 3425 1545 3478 im-

521 3527 743 3588 perante
754 3512 958 3565 Caesare
971 3511 1229 3578 August0‚
1237 3505 1412 3577 inquit
1425 3504 1550 3557 Gel-

521 3595 655 3661 lius,
673 3593 711 3647 l.
731 3610 812 3659 11,
829 3610 876 3644 c.
904 3597 1006 3654 ²43
1029 3585 1124 3640 sed
1143 3605 1302 3639 nemo
1319 3585 1549 3637 affirmat

522 3675 663 3729 hanc
691 3693 720 3726 a
749 3674 782 3725 J
785 3671 896 3724 ulio
927 3669 1131 3722 Caesare
1154 3665 1314 3718 latam
1341 3665 1502 3718 fuisse
1526 3703 1546 3732 ,

525 3752 767 3828 quamvis
789 3752 946 3804 Juliae
974 3765 1168 3801 nomen
1200 3744 1436 3798 indicare
1463 3745 1547 3798 vi-

523 3835 740 3899 deatur}
757 3849 886 3885 nam
902 3831 976 3883 ita
996 3837 1258 3881 vocantur
1274 3825 1388 3878 aliae
1403 3825 1548 3896 leges

461 3955 466 3958 -
523 3917 592 3970 ab
621 3918 858 3985 Augusto
881 3912 998 3983 ipso
1016 3906 1341 3962 constitutae:
1357 3923 1551 3976 nempe

521 3996 614 4050 illa
642 3993 712 4047 de
735 3991 1040 4046 adulteriis:
1061 3988 1242 4058 etipse
1267 3986 1326 4039 P.
1357 3985 1551 4037 Manu·

523 4078 631 4132 tius
661 4073 730 4129 ad
762 4073 932 4128 Cicer.
964 4069 1133 4142 Epist.
1169 4070 1240 4122 26
1260 4105 1278 4133 ,
1306 4065 1402 4119 lib.
1433 4083 1551 4130 vn,

522 4159 582 4212 in
601 4154 835 4212 dubium
863 4152 1021 4226 plane
1047 4161 1218 4205 vocat.
1251 4147 1455 4200 Tamen
1485 4164 1553 4198 ex

1619 1667 1722 1720 loc.
1739 1685 1856 1739 sup.
1870 1666 1961 1721 cit.
1982 1666 2106 1721 satis
2126 1679 2347 1740 apparet
2360 1669 2657 1723 anteriores

1621 1745 1689 1800 de
1710 1747 2010 1819 sumptibus
2033 1747 2171 1819 leges
2189 1767 2217 1800 a
2235 1761 2421 1802 nostro
2446 1749 2659 1802 Cosam
2687 1763 2695 1770 ·

1620 1828 1869 1899 repetitas
1890 1839 1944 1880 et
1972 1827 2204 1881 severius
2224 1827 2447 1881 sancitas
2473 1828 2654 1884 fiiisse.

1621 1906 1761 1960 Nam
1774 1919 2057 1979 propterea
2073 1925 2138 1960 ex
2152 1907 2410 1979 Hispania
2424 1909 2653 1980 scripsit,

1621 2004 1677 2039 se
1697 1999 1882 2058 postea
1910 1988 2094 2042 Romae
2118 2005 2430 2040 mansurum
2444 2025 2461 2055 ,
2482 2007 2552 2041 ne
2573 1988 2655 2042 le·

1623 2085 1711 2136 ges
1730 2085 1837 2118 suae
1858 2067 2251 2139 negligerentur
2264 2106 2281 2134 ,
2299 2067 2435 2122 sicut
2451 2069 2655 2140 neglec-

1622 2158 1676 2198 ta
1697 2159 1830 2200 esset
1853 2147 1971 2214 illa,
1994 2167 2153 2219 quam
2172 2145 2239 2201 de
2264 2147 2562 2220 sumptibus
2581 2149 2656 2202 fa·

1623 2225 1827 2279 ciendis
1857 2227 2076 2280 tulisset.
2108 2226 2165 2279 Si
2193 2228 2259 2280 ab
2291 2227 2396 2280 alio
2422 2229 2653 2300 irrogata

1624 2306 1837 2372 fuisset,
1871 2319 1932 2360 ut
1972 2307 2147 2380 placet
2187 2307 2431 2360 Manutio
2448 2345 2465 2372 ,
2509 2307 2657 2370 unde

1626 2386 1778 2440 timet
1790 2387 1984 2452 Caesar,
2000 2406 2069 2440 ne
2081 2405 2189 2440 suae
2202 2405 2413 2458 quoque
2422 2401 2656 2440 contem·

1624 2465 1860 2519 uantur?
1879 2467 2125 2520 Aliorum
2140 2467 2280 2538 leges
2295 2485 2433 2539 saepe
2452 2468 2660 2539 neglec-

1627 2558 1704 2599 tas
1745 2547 1940 2600 scimus
1956 2584 1973 2614 ,
1993 2537 2117 2600 vidi.-
2144 2567 2197 2600 ν.
2236 2565 2282 2601 c.
2304 2548 2657 2614 frumentarias

1626 2626 1765 2696 leges
1780 2643 1797 2692 ;
1821 2625 1914 2678 sed
1926 2645 2039 2680 non
2060 2627 2240 2693 facile,
2258 2645 2427 2699 quum
2442 2627 2658 2682 illarum

1626 2705 1764 2760 lator
1785 2725 1991 2760 summa
2010 2718 2270 2778 potestate
2294 2708 2586 2778 potiretur,
2604 2721 2659 2762 et

1628 2799 1963 2841 conservatas
1969 2787 2143 2842 vellet.
2157 2787 2343 2858 Itaque
2356 2789 2531 2842 Caesar
2545 2807 2657 2840 non

1629 2878 1896 2937 putasset,
1918 2867 2023 2920 hoc
2052 2866 2111 2919 in
2150 2867 2237 2920 his
2264 2867 2468 2938 legibus
2500 2886 2657 2921 ausu·

1629 2964 1752 2998 rum
1794 2963 2117 3018 quemquam
2131 2985 2148 3012 ,
2188 2959 2242 3000 et
2283 2960 2565 3019 propterea
2600 2948 2659 3000 in

1630 3025 1941 3097 Hispaniam
1966 3027 2112 3080 abiit.
2139 3027 2297 3080 Nunc
2315 3045 2483 3098 quum
2506 3029 2661 3082 aliter

1630 3101 1780 3159 videt
1810 3106 2075 3173 evenisse,
2104 3119 2159 3160 et
2180 3109 2290 3178 jam
2318 3107 2535 3160 initium
2562 3127 2657 3161 ne·

1628 3183 1996 3256 gligendarum
2017 3186 2195 3258 legum
2220 3203 2435 3240 suarum
2460 3187 2659 3242 factum

1632 3284 1745 3318 esse
1779 3267 1837 3318 in
1876 3271 2198 3338 sumptuaria,
2232 3269 2417 3320 Rome
2444 3285 2663 3322 manere

1632 3346 1779 3411 vult,
1811 3358 1874 3398 ut
1900 3348 2181 3418 prasentia
2210 3365 2305 3401 sua
2333 3348 2474 3400 cives
2505 3367 2535 3400 a
2566 3348 2658 3400 tali

1632 3443 1692 3477 re
1723 3423 1969 3479 audenda
1990 3426 2301 3480 absterreat.
2340 3427 2583 3498 Denique
2613 3428 2659 3480 si

1633 3505 1849 3558 alterius
1867 3506 2039 3578 legem
2060 3507 2351 3578 neglectam
2375 3506 2553 3561 dicere
2568 3527 2660 3560 vo·

1632 3584 1754 3650 luit,
1772 3605 1868 3638 cur
1892 3587 2273 3656 sumptuariam
2285 3588 2463 3659 potius
2482 3579 2660 3640 nomi-

1634 3677 1725 3717 nat
1739 3703 1756 3730 ,
1785 3683 1945 3736 quam
1966 3684 2356 3738 quamcumque
2373 3667 2562 3721 aliam?
2578 3669 2661 3720 De

1633 3745 1733 3797 hac
1756 3745 1874 3816 lege
1900 3746 2119 3798 Caesaris
2142 3747 2518 3819 intelligendus
2546 3746 2660 3800 sine

1634 3821 1801 3877 dubio
1843 3837 1922 3877 est
1963 3825 2123 3879 etiam
2156 3827 2304 3880 locus
2344 3828 2512 3899 Epist.
2544 3827 2659 3881 Cic.

1642 3923 1667 3957 ι
1682 3905 1713 3958 5
1734 3942 1753 3970 ,
1782 3905 1877 3958 lib.
1910 3924 2000 3971 ιι,
2031 3905 2100 3959 ad
2122 3907 2243 3960 Div.
2281 3907 2421 3960 Nam
2464 3925 2525 3958 ea
2552 3907 2665 3978 epi·

1637 3985 1771 4038 stola
1798 3986 1995 4058 scripta
2016 3998 2097 4040 est
2132 3987 2293 4058 paulo
2319 3998 2470 4051 ante,
2500 4005 2662 4058 quam

1638 4066 1813 4118 Caesar
1842 4066 1900 4118 in
1930 4066 2241 4138 Hispaniam
2270 4066 2374 4120 iret
2399 4079 2523 4138 post
2548 4065 2661 4118 bel·

1635 4145 1751 4199 lum
1766 4145 2094 4200 Africanum.
2120 4147 2372 4202 Ceterum
2400 4148 2445 4201 is
2460 4147 2666 4218 neglec-
