3017 5042
220 479 2352 505 mmmmmmmmmmnmm

393 702 747 806 PHIL.
788 645 1217 806 'AMAT.
1244 655 1451 806 ‘DE
1494 655 2172 808 GOLBERY'

276 975 650 1059 RURIS
718 977 872 1056 ET
941 974 1431 1056 URBIUM
1499 971 2281 1056 AMATORIBUS

1151 1214 1205 1268 S.
1248 1215 1310 1268 P.
1352 1215 1419 1268 D.

210 1577 350 1694 V1
369 1647 415 1691 n
482 1643 759 1690 summae
817 1617 1233 1688 auctoritatis
1290 1619 1728 1687 assertionem
1795 1621 2069 1688 omnino
2125 1621 2355 1692 falsam

207 1760 525 1840 peracuto
566 1744 830 1838 ingenio
873 1739 1170 1836 protulit.
1223 1741 1569 1830 Quamdiu
1605 1765 1753 1810 eam
1804 1744 1873 1810 in
1918 1768 2122 1837 opere
2171 1746 2354 1815 dicto

210 1862 574 1939 Me'moires
625 1865 747 1936 des
794 1868 1246 1960 Antiquaires
1280 1864 1369 1934 de
1402 1863 1737 1952 France¹,
1787 1865 2021 1960 procul
2072 1869 2358 1962 profano

211 1993 411 2089 vulgo
435 1991 693 2066 latitare
724 1991 907 2078 sivit,
934 1987 1390 2060 confutatione
1418 2013 1558 2057 non
1580 2014 1750 2086 opus
1777 2004 1920 2058 erat
1938 2016 1960 2058 .·
1992 2016 2194 2085 supra
2219 1992 2356 2061 dic·

211 2133 351 2188 tum
392 2117 568 2186 enim
602 2140 773 2210 opus
799 2138 939 2182 non
963 2113 1089 2182 nisi
1120 2111 1333 2182 doctis
1360 2112 1520 2181 viris
1550 2111 2042 2207 frequentatur,
2070 2139 2359 2208 quorum

210 2244 487 2339 quisque
524 2240 802 2309 idoneus
838 2253 939 2308 est
967 2237 1053 2306 ad
1094 2236 1277 2306 litem
1313 2235 1826 2330 dijudicandam.
1882 2237 2015 2308 Sed
2047 2263 2228 2309 nunc
2255 2263 2362 2308 res

213 2393 279 2438 se
302 2366 495 2436 aliter
521 2364 757 2452 habet3
789 2365 859 2431 in
882 2364 1101 2457 primo
1128 2363 1305 2430 enim
1333 2360 1676 2431 volumine
1690 2365 2000 2432 Histoire
2014 2363 2102 2433 de
2123 2367 2356 2450 Paris,

210 2515 357 2586 quae
371 2485 732 2558 vernaculo
751 2509 1057 2555 sermone
1080 2485 1457 2578 conscripta
1470 2484 1908 2566 est‚eamdem
1928 2488 2360 2557 assertionem

211 2613 310 2684 Cl.
338 2613 654 2682 Dulaure
684 2611 880 2679 iterat
896 2659 917 2696 ,
943 2621 1012 2677 et
1038 2607 1269 2704 paucis
1285 2607 1542 2695 verbis,
1564 2608 1772 2676 instar
1796 2607 2079 2697 oraculi,
2101 2625 2360 2678 senten-

154 2757 157 2762 ·
210 2737 375 2806 tiam
395 2733 691 2805 declarat
704 2734 835 2802 hoc
857 2730 1058 2800 modo
1079 2756 1094 2799 ε
1120 2733 1189 2800 E
1192 2731 1282 2800 lle
1300 2723 1595 2819 (Lutece
1616 2756 1706 2800 ou
1725 2724 2100 2821 Lucotece)
2119 2725 2366 2803 n’e'tac‘c

202 2862 413 2953 point
432 2878 564 2925 une
589 2854 754 2924 ville
766 2880 794 2940 ‚·
826 2855 925 2922 les
958 2851 1271 2952 Gaaloz‘s,
1302 2843 1354 2918 ὰ
1374 2865 1552 2920 cette
1575 2842 1870 2946 e'poqne,
1901 2852 2063 2921 n'en
2089 2858 2368 2925 avaient

203 2986 412 3078 point
430 3006 453 3048 .·
501 2981 587 3048 ils
630 2977 1016 3048 habitaient
1067 2975 1190 3045 des
1233 2969 1655 3044 chaumieres
1703 2966 1987 3070 e'parses
2039 2976 2221 3046 dans
2267 2979 2367 3046 les

210 3126 639 3200 campagnes
650 3129 679 3189 ,·
710 3117 782 3170 et
812 3101 1161 3195 lorsqn’ils
1192 3103 1631 3193 craz'gnaient
1653 3122 1786 3168 une
1814 3114 2137 3195 attaqzce,
2179 3102 2266 3170 ils
2291 3126 2368 3170 se

210 3235 572 3302 retiraient
596 3252 761 3298 avec
788 3229 970 3297 leurs
994 3216 1279 3295 denre'es
1291 3278 1313 3311 ,
1350 3225 1533 3293 leurs
1559 3215 1886 3318 me'nages
1913 3241 1987 3294 et
2008 3227 2190 3294 leurs
2218 3225 2364 3294 bes-

211 3361 419 3424 tiaux
462 3351 647 3422 dans
695 3352 876 3419 leurs
896 3347 1325 3440 forteresses
1338 3400 1360 3433 ,
1411 3362 1480 3415 et
1516 3370 1582 3440 y
1616 3318 2152 3426 constrnzsa'ient
2199 3341 2250 3416 ὰ
2293 3349 2367 3417 la

210 3468 377 3546 hate
397 3474 520 3544 des
544 3471 874 3558 cabanes,
909 3467 999 3540 οἰι
1026 3472 1113 3540 ils
1143 3469 1523 3540 abt-italent
1547 3469 1727 3537 leurs
1729 3469 2062 3562 familles
2093 3485 2166 3538 et
2189 3471 2368 3539 leurs

201 3602 611 3697 provisions.
650 3598 756 3666 Ne
793 3596 1015 3690 itaque
1051 3618 1278 3663 errore
1318 3607 1666 3687 raperetur
1700 3592 1992 3662 studiosa
2021 3593 2368 3686 juventuS‚

212 3724 620 3795 refutatione
646 3745 816 3816 opus
853 3733 1032 3788 erat:
1066 3742 1281 3812 neque
1325 3717 1490 3786 mihi
1532 3732 1904 3814 temperare
1946 3719 2166 3812 potui,
2200 3743 2366 3812 quo-

211 3849 439 3918 minus
482 3846 659 3914 hanc
709 3842 1131 3936 susciperem.
1180 3842 1481 3908 Deerant
1535 3841 1699 3909 mihi
1752 3855 1974 3910 tamen
2023 3838 2172 3908 libri
2220 3843 2367 3935 qui-

304 4113 328 4146 1
350 4090 732 4158 volumenn,
759 4107 880 4160 pag.
919 4091 987 4142 82
1027 4084 1093 4139 ad
1128 4091 1259 4150 14²·
