3017 5042
681 449 832 519 290
1584 421 1933 487 INDEX

676 559 906 656 doux,
935 556 1042 626 cui
1069 552 1339 623 titulus·
1378 556 1526 622 Des
1559 554 1779 625 celtes
1815 545 2385 624 αηιένίειινεηῑεηι
2425 581 2577 625 azur
2610 573 2801 655 temps

676 611 1167 759 historiques.
1213 663 1478 730 Paris.
1498 714 1512 728 .
1574 683 1599 728 1
1618 660 1663 729 8
1680 684 1705 729 1
1726 685 1791 755 7

786 775 1084 840 ITALICA
1113 763 1223 858 (B.
1258 770 1340 838 ·.C
1376 766 1489 835 lib.
1528 791 1619 854 11,
1660 792 1716 834 c.
1758 759 1933 855 20).
1972 763 2163 861 37⁰¹
2128 803 2173 812 -
2210 767 2373 837 latit.
2413 767 2543 840 8⁰¹
2510 807 2559 854 ‘-
2597 771 2799 868 longit.

670 878 862 947 Urbs
897 877 1242 970 Hispaniae
1282 874 1622 944 ulterior-is
1672 875 1848 942 inter
1888 872 2348 964 Turdetan05‚
2390 877 2518 945 sita
2557 878 2645 947 ad
2683 879 2802 948 Βω-

675 984 1116 1072 timflumen,
1145 984 1321 1052 inter
1349 979 1675 1076 Hispalim
1702 994 1772 1049 et
1793 977 2085 1050 Ilerdam
2101 1035 2121 1070 ‚
2142 983 2413 1076 Trajani
2440 998 2510 1052 et
2544 985 2803 1054 Hadria-

676 1093 747 1161 ni
770 1095 1265 1187 Imperatorum
1301 1090 1517 1184 patria
1538 1142 1559 1176 ,
1588 1086 1789 1156 hodie
1816 1089 2074 1158 Sevilla
2100 1089 2177 1157 la
2206 1089 2400 1181 vieja
2432 1091 2504 1158 in
2532 1091 2803 1162 Andalu-

675 1201 772 1268 sia
793 1253 812 1286 ‚
850 1221 891 1266 a
915 1198 1224 1292 Scipione
1261 1195 1529 1264 condita
1562 1194 1780 1264 fixerat
1804 1247 1823 1281 ,
1865 1217 2018 1264 ann.
2060 1197 2144 1264 U.
2172 1197 2269 1265 ³C.
2307 1199 2627 1287 DCLIV,
2662 1223 2806 1294 pace

677 1331 834 1376 cum
852 1303 1535 1397 Carthaginiensibus
1574 1303 1737 1370 inita
1756 1356 1776 1388 ‚
1811 1317 1888 1370 ut
1924 1317 2155 1371 narrat
2198 1304 2482 1399 Appian.
2524 1305 2611 1374 de
2654 1305 2805 1375 bello

678 1413 1087 1507 Hispanico:
1115 1409 1244 1476 Καὶ
1271 1413 1480 1487 αὐτοῖς
1501 1414 1535 1476 6
1556 1407 1819 1476 Σκιπίων
1849 1408 2059 1503 ὀλίγην
2090 1409 2352 1503 ςρατιὰν
2382 1417 2463 1489 ὡς
2491 1411 2591 1480 ἐπὶ
2632 1413 2805 1509 εἰρήνῃ

672 1521 1080 1601 καταλιπὼν,
1123 1520 1416 1605 συνῴκισε
1457 1515 1603 1593 τοὺς
1646 1515 2031 1608 τραυματίας
2056 1519 2133 1593 ἐς
2170 1516 2391 1602 πόλιν,
2424 1521 2498 1592 ἥν
2542 1519 2669 1588 ἀπὸ
2711 1531 2807 1598 τῆς

674 1610 926 1704 Ιταλίας
963 1609 1253 1699 Ῐταλι-κῆν
1297 1620 1568 1690 ἐκάλεσε.
1610 1619 1845 1691 Italica
1884 1623 2328 1718 municipium
2360 1639 2506 1692 erat
2542 1618 2678 1715 (ita
2708 1651 2808 1696 vo·

674 1731 1004 1800 cabantur
1045 1730 1344 1799 civitates
1370 1751 1504 1797 suo
1536 1728 1687 1824 jure
1726 1720 2078 1818 utentes)·
2062 1783 2081 1816 ‚
2110 1729 2296 1798 'unde
2332 1755 2654 1804 nummus
2682 1735 2807 1803 ‘Au-

674 1840 850 1932 gusti
881 1862 920 1905 a
949 1841 1139 1906 Joan.
1177 1840 1246 1904 V
1244 1837 1501 1905 aillant
1528 1834 1764 1903 allatus
1784 1889 1804 1920 ‚
1830 1850 1877 1902 t.
1898 1859 1964 1922 1,
1994 1863 2059 1930 p.
2097 1832 2195 1923 54
2226 1839 2447 1932 operis
2479 1863 2684 1934 supra
2714 1843 2805 1910 cit.

667 1945 962 2014 ‘DIVVS
985 1943 1470 2014 AVGVSTVS
1497 1942 1825 2027 PATER3
1846 1958 2049 2036 caput
2060 1945 2345 2038 Augusti
2375 1945 2734 2016 radiatum:
2753 1949 2810 2016 in

671 2063 1123 2145 aversaparte
1146 2051 1378 2128 MVN.
1404 2050 1640 2116 ITAL.
1665 2049 1939 2116 PERM.
1970 2051 2181 2120 AVG.
2208 2055 2665 2148 Municipium
2688 2058 2810 2123 Ita·

671 2160 924 2227 license
947 2161 1296 2253 permissu
1312 2156 1623 2248 Augusti
1641 2182 1669 2242 ,-
1691 2161 2039 2250 permissu
2059 2211 2078 2244 ,
2114 2159 2269 2251 quia
2304 2160 2464 2253 ipsis
2507 2161 2811 2231 cudendae

671 2278 957 2334 monetae
987 2265 1327 2357 Augustus
1361 2260 1746 2330 facultatem
1784 2261 2093 2351 dederat,
2120 2265 2301 2358 quod
2328 2291 2469 2334 non
2498 2270 2709 2337 cuivis
2733 2271 2807 2337 ci·

655 2373 859 2440 vitati
891 2387 1282 2439 concessum
1328 2382 1490 2436 erat.
1528 2370 1619 2436 At
1659 2369 1805 2437 haec
1842 2369 2003 2438 urbs
2021 2423 2041 2454 ‚
2095 2373 2533 2466 municipium
2570 2377 2807 2470 prium,

671 2475 932 2547 colonia
973 2475 1406 2572 postmodum
1438 2475 1615 2544 facta
1652 2489 1753 2544 est
1777 2502 1797 2564 ;
1822 2478 1938 2570 qui
1976 2478 2245 2571 quidem
2280 2479 2510 2549 titulus
2554 2482 2810 2552 inferior

670 2600 817 2654 erat
854 2610 870 2654 τ
915 2609 1072 2654 nam
1115 2584 1192 2652 A.
1244 2581 1498 2652 Gellius
1520 2637 1541 2671 ‚
1585 2582 1757 2652 libro
1800 2605 1962 2672 xv1,
2010 2609 2157 2680 cap.
2218 2584 2307 2656 13
2328 2641 2348 2674 ‚
2392 2587 2479 2656 de
2522 2592 2809 2659 oratione

659 2715 872 2786 quam
907 2690 1118 2760 Hadr.
1142 2689 1385 2758 ‘habuit
1410 2688 1496 2757 ad
1518 2703 1827 2758 senatum
1858 2716 1873 2758 τ
1902 2695 2147 2761 mirari
2174 2717 2250 2761 se
2277 2694 2610 2784 ostendit,
2643 2695 2813 2791 quod

668 2816 744 2867 et
763 2803 902 2895 tpsi
913 2799 1323 2867 Italicenses
1336 2851 1358 2884 ‚
1391 2811 1465 2864 et
1485 2796 1813 2890 qucedam
1842 2802 2216 2894 municipia
2233 2806 2562 2896 antiqua,
2599 2808 2671 2872 in
2690 2810 2810 2898 qui-

670 2905 798 2974 bus
851 2909 1202 2974 Uticenses
1245 2909 1565 2972 nominat
1584 2957 1606 2988 ‚
1633 2927 1861 2998 -quum
1903 2909 2047 2973 suis
2088 2907 2388 2976 moribus
2432 2909 2808 3005 legibmque

669 3017 776 3081 uti
803 3026 1097 3108 possent
1113 3064 1136 3097 ,
1186 3015 1258 3080 in
1277 3010 1408 3102 jas
1448 3011 1876 3079 coloniarum
1910 3020 2173 3083 mutan·
2193 3020 2609 3109 gestiverint.

761 3121 978 3188 Inus
1011 3121 1298 3188 Pon‘rus
1323 3109 1432 3204 (B.
1469 3119 1557 3186 G.
1591 3115 1703 3186 lib.
1734 3141 1815 3206 V,
1850 3143 1906 3187 c.
1951 3144 1990 3188 2
2011 3173 2030 3208 ‚
2067 3113 2229 3214 59).
2260 3125 2449 3190 Inter
2486 3125 2808 3208 Morinos,

667 3225 862 3320 cujus
901 3225 1063 3294 situs
1093 3224 1180 3294 ad
1214 3223 1400 3293 hunc
1431 3223 1610 3292 diem
1647 3225 1717 3291 in
1760 3224 1963 3294 dubio
2006 3225 2401 3323 relinquitur
2427 3258 2446 3315 ;
2482 3231 2641 3300 vide
2676 3255 2807 3325 quae

665 3333 1048 3401 notavimus
1077 3345 1124 3401 t.
1155 3355 1217 3420 1,
1247 3356 1313 3426 p.
1365 3351 1392 3400 1
1413 3327 1550 3426 73,
1586 3345 1723 3398 not.
1764 3329 1833 3401 6.
1865 3333 2001 3422 His,
2020 3334 2501 3430 subjungemus
2530 3338 2809 3408 diversas

665 3439 1025 3508 doctorum
1069 3439 1427 3510 sententias
1447 3492 1468 3524 ‚
1509 3438 1685 3504 inter
1724 3462 1890 3531 quas
1932 3439 2201 3511 difficile
2245 3442 2608 3513 admodum
2652 3457 2808 3514 esset

547 3563 562 3576 ·
661 3546 991 3640 judicium
1025 3545 1234 3629 ferre3
1277 3545 1573 3640 primum
1612 3545 1796 3613 enim
1830 3549 2071 3616 Portus
2105 3551 2277 3620 Itius
2306 3573 2445 3620 non
2486 3565 2662 3638 arte,
2706 3549 2807 3619 sed

667 3668 909 3722 natura
939 3653 1187 3736 factus3
1219 3651 1398 3719 unde
1426 3649 1611 3718 nulla
1641 3675 1987 3746 superesse
2021 3671 2302 3749 possunt
2331 3660 2610 3755 vestigia
2630 3684 2651 3745 ;
2675 3682 2807 3752 quae

666 3777 891 3832 tamen
919 3761 974 3828 si
1000 3757 1340 3854 quondam
1373 3756 1685 3846 fuissent,
1714 3783 1901 3829 mare
1920 3760 2379 3832 turbulentum
2403 3779 2525 3852 ‚ut
2552 3781 2656 3834 est
2686 3764 2807 3832 fre-

665 3885 810 3938 tum
828 3882 1039 3962 ‚post
1072 3879 1178 3934 tot
1201 3862 1439 3934 saecula
1472 3865 1838 3955 obruisset3
1877 3867 2116 3937 deinde
2140 3869 2457 3940 distantia
2484 3897 2525 3939 a
2554 3874 2809 3941 Coesare

667 3976 958 4046 indicata
992 3997 1144 4042 xxx
1185 3970 1343 4040 mill.
1382 3973 1635 4041 incerta
1672 3987 1775 4042 est
1806 3922 2091 4062 (Strabo
2128 3975 2235 4045 lib.
2274 4003 2345 4046 lv
2368 4030 2386 4062 ‚
2425 4005 2489 4072 p.
2538 4001 2686 4072 199
2728 3979 2811 4044 ait

667 4105 899 4154 cccxx
919 4071 1195 4168 stadia),
1227 4094 1294 4150 et
1317 4081 1474 4174 qui,
1495 4104 1576 4147 eo
1602 4079 1811 4166 duce,
1843 4080 2027 4152 locus
2054 4085 2451 4176 quaerendus
2488 4099 2697 4172 esset,
2728 4083 2809 4154 ob
