3017 5042
1035 485 1741 556 FRAGMENTA.
2419 483 2461 558 5

308 621 516 716 perim
533 673 556 708 ‚
581 617 814 689 scribit
830 670 849 705 ,
875 643 948 686 se
972 619 1110 688 sine
1139 633 1206 688 te
1232 618 1471 707 fuisse,
1491 645 1701 714 quum
1737 618 1823 687 a'd
1852 643 2039 688 mare
2074 620 2463 709 accesserit,

307 741 426 797 etc.
473 729 601 796 Ea:
633 728 772 798 Cic.
809 723 922 795 lib.
960 728 1118 814 III,
1162 725 1268 795 ad
1301 729 1629 818 Quintum
1644 725 1963 818 fiatrem
1984 779 2003 814 ‚
2046 729 2185 822 Ep.
2220 731 2279 798 I.
2328 750 2461 797 ex·-

310 849 543 902 trema.

410 942 644 1030 Quum
687 939 866 1008 hanc
911 937 1050 1032 jam
1095 937 1440 1034 epistolam
1485 935 1957 1034 complicarem
1981 992 2001 1026 ‚
2053 937 2379 1008 tabellarii
2422 965 2463 1009 a

308 1046 495 1116 vobis
525 1060 860 1114 venerunt
897 1069 954 1114 a.
991 1045 1052 1114 d.
1083 1049 1186 1116 XI
1219 1045 1369 1116 Kal.
1407 1060 1573 1141 sept.
1605 1046 1921 1114 vicesimo
1961 1043 2084 1114 die.
2112 1047 2176 1114 O
2195 1072 2303 1114 me
2332 1045 2460 1115 sol-

308 1149 586 1225 licitum!
615 1167 942 1247 quantum
975 1177 1101 1247 ego
1135 1152 1318 1223 dolui
1345 1154 1416 1221 in
1447 1153 1731 1227 Caesaris
1760 1152 2162 1222 suavissimis
2190 1149 2456 1224 litteris!

309 1258 421 1329 sed
463 1285 600 1354 quo
653 1273 847 1328 erant
893 1260 1231 1330 suaviores
1254 1313 1274 1348 ,
1317 1285 1397 1328 eo
1439 1260 1762 1354 majorem
1806 1257 2105 1330 dolorem
2143 1257 2316 1330 illius
2352 1257 2463 1330 ille

309 1389 496 1436 casus
534 1365 877 1436 afferebat.
923 1367 1048 1437 Ex
1090 1369 1222 1438 Cic.
1269 1366 1381 1437 lib.
1424 1369 1589 1452 III,
1622 1365 1729 1436 ad
1774 1367 2099 1456 Quintum
2101 1366 2418 1456 fratrem
2430 1414 2456 1454 ,·

309 1473 439 1568 Ep.
497 1497 556 1548 1.

363 1681 464 1748 Ex
499 1701 862 1750 Ems'roms
900 1703 997 1750 An
1034 1680 1112 1749 C.
1149 1680 1448 1749 oppmn
1485 1704 1574 1750 ET
1604 1683 1907 1751 Barnun
1950 1682 2405 1751 Coun-suum.

846 1867 1088 1960 Caesaz·
1105 1829 1352 1962 ,Opjm'o
1383 1882 1460 1936 et
1501 1867 1815 1937 Cornelio
1854 1871 1925 1938 S.

409 2046 693 2122 Gaudeo
726 2048 1109 2118 mehercule
1126 2104 1146 2130 ,
1171 2074 1294 2119 vos
1337 2049 1710 2145 significare
1740 2049 2007 2140 litteris,
2036 2076 2238 2146 quam
2265 2051 2459 2122 valde

312 2157 601 2251 probetis
647 2181 758 2245 ea,
811 2181 958 2251 quae
1003 2157 1182 2252 apud
1238 2155 1614 2227 Corfinium
1660 2173 1813 2226 sunt
1864 2173 2046 2257 gesta
2070 2146 2115 2227 ⁴.
2163 2159 2467 2232 Consilio.

311 2278 530 2334 vestro
575 2277 730 2332 utar
779 2261 1098 2351 libenter,
1136 2277 1206 2332 et
1237 2264 1371 2333 hoc
1409 2263 1719 2333 libentius
1739 2314 1759 2349 ,
1802 2262 1985 2360 quod
2028 2290 2179 2335 mea
2220 2281 2461 2369 sponte

311 2369 524 2450 facere
559 2370 1036 2440 constitueram
1055 2423 1074 2457 ‚
1105 2383 1181 2439 ut
1207 2394 1411 2465 quam
1449 2363 1861 2440 lenissimum
1904 2397 2013 2440 me
2056 2371 2421 2467 praeberem
2438 2427 2458 2461 ‚

311 2489 373 2546 et
434 2477 829 2573 Pompeium
885 2475 1113 2545 darem
1175 2501 1449 2572 operam
1505 2491 1584 2546 ut
1631 2476 2154 2548 reconciliarem.
2216 2481 2481 2548 Tente-

310 2609 452 2653 mus
493 2584 628 2654 hoc
665 2582 908 2670 mod0,
948 2585 1003 2653 si
1053 2608 1438 2678 possumuS,
1475 2585 1777 2654 omnium
1827 2583 2207 2655 voluntates
2256 2609 2457 2656 recu-

311 2714 542 2784 perare
560 2744 580 2779 ,
621 2705 689 2759 et
720 2689 1040 2760 diuturna
1083 2691 1363 2759 victoria
1399 2691 1540 2776 uti3
1582 2694 1899 2783 quoniam
1934 2691 2172 2786 reliqui
2212 2691 2457 2760 crude·
2547 2729 2555 2736 ·

311 2794 490 2866 litate
555 2796 784 2866 odium
847 2795 1149 2892 effugere
1206 2820 1344 2864 non
1393 2811 1797 2890 potuerunt,
1841 2821 2059 2892 neque
2102 2799 2455 2866 victoriam

311 2901 553 2973 diutius
594 2917 824 2974 tenere
839 2888 885 2992 ⁵,
929 2917 1171 2997 praeter
1214 2927 1425 2972 unum
1465 2905 1545 2972 L.
1582 2901 1834 2972 Sullam
1860 2956 1880 2989 ‚
1911 2928 2111 2998 quem
2160 2904 2455 2972 imitatu-

313 3034 420 3080 rus
465 3035 609 3080 non
663 3035 832 3080 sum.
893 3013 1054 3081 Haec
1107 3034 1286 3080 nova
1339 3011 1428 3081 sit
1479 3011 1653 3079 ratio
1701 3009 2048 3098 vincendi,
2088 3024 2165 3080 ut
2204 3009 2455 3081 miseri-

315 3233 393 3278 tus
417 3224 549 3297 legis
574 3225 650 3280 ita
678 3244 805 3280 eum
832 3225 1060 3280 movisse
1089 3224 1305 3280 videtur
1319 3263 1336 3292 ,

313 3316 370 3356 ut
382 3317 568 3377 postea
579 3325 760 3360 severe
776 3325 894 3360 eam
908 3319 1190 3360 exerceret.
1205 3305 1338 3362 Vid.

312 3383 524 3439 Sueton.
557 3386 616 3439 in
641 3386 1011 3458 Caesare,cap.
1046 3387 1150 3453 43,
1179 3397 1233 3439 et
1261 3385 1341 3439 ihi

312 3463 672 3519 Torrentium.

385 3545 468 3600 Ex
497 3546 566 3599 iia
590 3545 843 3599 omnibus
867 3545 1004 3598 nihil
1029 3544 1176 3598 aliud
1201 3544 1338 3598 infe-

313 3623 536 3678 rendum
563 3638 644 3680 est
658 3664 676 3692 ,
700 3625 805 3678 nisi
828 3625 1068 3697 pessimis
1092 3625 1263 3690 vitiis,
1285 3637 1341 3678 et

314 3705 624 3760 effusissimo
677 3705 902 3758 luxuriae
950 3706 1340 3759 effervescentis

314 3798 436 3838 natu
465 3787 733 3840 laborasse
762 3787 902 3838 hanc
927 3786 1194 3839 civitatem
1221 3803 1340 3858 quoe

315 3865 499 3921 talibus
529 3866 711 3920 fraenis
739 3863 1039 3918 cohibenda
1063 3865 1225 3918 fuerit
1239 3903 1256 3930 ‚
1269 3865 1340 3920 si·

316 3944 527 4016 quidem
552 3965 620 4000 ex
645 3945 800 3998 malis
823 3945 1063 3998 moribus
1089 3947 1245 3998 bonae
1269 3945 1343 3998 le·

313 4043 396 4096 ges
428 4039 804 4099 procreantur.
849 4024 1026 4091 Quid,
1057 4026 1102 4078 si
1147 4025 1343 4079 harum

310 4105 480 4177 legum
516 4107 784 4165 latoribus
827 4123 1230 4160 annumerarem
1271 4105 1342 4158 si·

308 4187 447 4244 milia
469 4187 543 4243 de
569 4183 891 4243 cohibendis
907 4185 1205 4258 sumptibus
1227 4182 1342 4238 edi-

1425 3239 1633 3280 centem
1642 3263 1659 3292 ,
1674 3226 1925 3290 infamem
1943 3227 2097 3288 illum
2112 3225 2458 3279 triumvirum

1426 3307 1521 3378 qui
1533 3306 1936 3378 qualiacumque
1950 3320 2089 3368 terra
2103 3345 2120 3372 2
2138 3317 2228 3358 aut
2240 3307 2429 3378 pelago
2438 3343 2456 3374 ,

1425 3387 1536 3442 sive
1566 3387 1731 3444 etiam
1752 3387 1884 3438 coelo
1914 3387 2282 3458 gignerentur,
2312 3387 2461 3442 velut

1427 3465 1498 3518 ad
1512 3465 1803 3519 satiandam
1818 3467 2107 3538 ingluviem
2130 3485 2279 3519 suam
2303 3479 2426 3518 nata
2440 3505 2457 3532 ,

1427 3547 1669 3600 faucibus
1690 3547 1798 3600 suis
1820 3560 1874 3600 et
1886 3547 2061 3600 ventri
2082 3547 2427 3618 ingurgitaret
2440 3584 2460 3611 ,

1427 3645 1610 3680 nonne
1636 3645 1760 3680 cum
1796 3625 2107 3698 indignante
2137 3625 2362 3679 satirico
2389 3626 2459 3679 li-

1427 3707 1580 3760 beret
1603 3707 1935 3760 exclamare?

1774 3821 1785 3831 .
1802 3819 1813 3830 .
1830 3820 1839 3831 .
1857 3821 1893 3832 ..
1910 3821 1919 3830 .
1944 3793 2111 3845 Opater
2133 3790 2262 3837 urbis,

1427 3861 1550 3902 Unde
1570 3865 1679 3904 nef-a
1694 3872 1844 3902 tantum
1860 3863 1984 3902 Latii·
2000 3861 2223 3914 panton-ibn·
2234 3863 2245 3900 Ι
2257 3888 2269 3901 .
2284 3889 2295 3900 .
2312 3889 2323 3900 .

1429 3931 1515 3984 Qui
1536 3932 1679 3972 curio·
1700 3931 1888 3971 simulant
1908 3941 1947 3971 et
1965 3930 2215 3971 Bacchanalia
2229 3932 2383 3972 vivunt.

1428 4024 1624 4076 Juven.
1658 4021 1765 4074 Sat.
1798 4021 1880 4085 ΙΙ,
1913 4022 1974 4086 3;
2008 4033 2062 4074 et
2099 4026 2228 4078 126.

1515 4108 1569 4165 4.
1609 4099 1913 4156 Gesta.Vid.
1939 4102 2071 4156 Bell.
2097 4103 2215 4156 Civ.
2244 4102 2342 4162 lib,
2375 4119 2417 4155 1.
2442 4124 2445 4128 ·

1518 4181 1571 4235 5.
1612 4184 1662 4236 T
1656 4201 1808 4236 eme-e.
1840 4183 1921 4236 Ut
1948 4183 2154 4236 Marius-
2182 4193 2237 4236 et
2266 4182 2458 4237 Cinna.

2010 4251 2091 4334 Ῐ3
