3017 5042
738 437 952 508 VEL
1000 439 1955 520 DISSERTATJONES.
2310 438 2401 537 57

279 582 522 637 erant:
567 569 898 640 uniremes
934 595 1100 655 uno,
1145 569 1428 641 biiemes
1478 570 1772 659 duobus,
1830 571 2131 642 triremes
2162 573 2373 642 tribus
2388 605 2429 661 ,-

275 676 746 768 quadriremes
771 691 1082 771 quatuor,
1109 701 1618 772 qumqueremes
1643 679 1960 771 quinque,
1995 703 2232 748 exeres
2264 704 2409 766 sex,

276 781 591 876 hepteres
642 798 892 906 septem
909 836 929 870 ‚
1003 807 1286 852 enneres
1343 808 1625 871 novem,
1680 798 1805 852 etc.
1870 787 2055 852 Inter
2108 785 2407 855 classicas
2478 846 2486 852 .

277 889 718 958 usitatissimae
765 895 904 956 ιιηίι
908 914 1140 975 ·,emes
1200 889 1532 977 biremes,
1592 895 1952 960 trcremes·
1925 943 1947 976 ,
2000 907 2410 986 quapropter

276 988 360 1061 de
402 995 482 1063 iis
521 1009 781 1063 tantum
826 993 1189 1088 loquemur.
1231 996 1559 1089 Erythraei
1597 998 1888 1090 primum
1926 1001 2256 1066 Biremem
2297 999 2405 1066 in-

278 1115 612 1168 venerunt
634 1154 652 1188 ,
689 1100 1014 1169 referente
1055 1103 1390 1194 Dyrnasto
1419 1126 1524 1196 ap.
1565 1101 1726 1170 Plin.
1758 1101 1799 1170 l.
1833 1103 1968 1170 VII
1991 1155 2010 1190 ,
2050 1099 2164 1172 56.
2207 1104 2409 1172 Caete·

195 1298 200 1303 ¹
276 1230 429 1274 rum
455 1207 726 1275 biremis
750 1205 999 1300 duplici
1020 1207 1220 1276 modo
1247 1209 1570 1301 accipitur
1595 1207 1772 1302 apud
1798 1209 2017 1303 script.
2050 1234 2173 1302 pro
2200 1233 2405 1304 parva

277 1312 530 1407 scapha
579 1337 724 1406 quae
769 1311 1028 1382 duobus
1075 1327 1334 1382 tantum
1382 1315 1577 1382 remis
1634 1329 1903 1406 agatur,
1954 1329 2021 1382 et
2074 1315 2197 1409 pro
2252 1314 2404 1382 navi

275 1442 524 1511 magna
575 1417 822 1512 duplici
873 1443 1208 1490 remorum
1259 1442 1454 1488 versu
1503 1423 1842 1488 instructa.
1898 1423 2001 1487 De
2054 1445 2131 1490 ea
2180 1419 2409 1490 ultima

277 1548 502 1592 sermo
538 1539 653 1592 est.
685 1526 975 1594 Biremes
1003 1524 1353 1594 nonnullas
1383 1525 1575 1594 nobis
1596 1526 1890 1595 offerunt
1913 1526 2222 1597 columna
2247 1529 2407 1595 Tra-

267 1631 459 1722 jana,
497 1654 829 1720 marmora
862 1645 930 1698 et
965 1633 1380 1700 numismata.
1423 1633 1504 1699 In
1534 1655 1791 1700 summa
1820 1637 1844 1718 ’,
1874 1630 2138 1728 elegans
2180 1633 2406 1702 admo-

275 1737 441 1804 dum
480 1752 623 1805 erat
655 1751 958 1806 veterum
994 1739 1265 1806 navium
1303 1734 1534 1806 forma.

381 1843 513 1911 Sed
558 1858 909 1936 antequam
952 1843 1036 1912 de
1077 1845 1266 1912 navis
1303 1843 1651 1937 cujuslibet
1684 1843 1985 1936 partibus
2020 1844 2163 1940 fuse
2206 1842 2405 1914 disse·

276 1973 533 2035 ramus,
569 1948 818 2042 aliquid
846 1948 928 2016 de
957 1941 1096 2044 ej'us
1133 1963 1464 2019 structura
1499 1946 1993 2044 proferendum.
2030 1951 2235 2020 Navis
2267 1949 2404 2019 bel-

274 2054 400 2124 lica
429 2056 610 2124 bona
633 2069 712 2123 ut
737 2057 848 2138 sit,
876 2056 1006 2123 tria
1037 2051 1449 2130 observanda
1472 2065 1697 2150 erunt:
1722 2056 2110 2149 magnitudo
2135 2055 2407 2146 decem,

272 2160 544 2245 levitaS,
566 2162 791 2230 robur.
809 2162 1236 2255 Magnitudo:
1259 2187 1382 2232 nec
1401 2164 1637 2248 nimia,
1652 2185 1779 2230 nec
1806 2162 2095 2231 minima
2114 2163 2408 2230 Maxima

273 2268 542 2362 navigia
567 2269 679 2335 vix
713 2269 853 2360 regi
879 2282 1173 2361 possunt.
1204 2271 1418 2337 Persae
1451 2266 1631 2361 apud
1668 2271 1853 2337 Curt.
1891 2266 1929 2334 l.
1949 2270 2083 2355 IV,
2112 2293 2169 2336 c.
2211 2267 2293 2356 8,
2321 2267 2407 2336 ad

273 2372 782 2445 Alexandrum.
837 2373 1163 2460 Videsne,
1209 2389 1288 2442 ut
1330 2379 1611 2468 navigia
1624 2427 1645 2458 ,
1700 2397 1859 2467 quse
1904 2373 2173 2442 modum
2218 2399 2408 2442 exce·

272 2480 480 2564 dunt,
511 2481 1068 2574 reglneqaeant?
1094 2481 1410 2548 Minima:
1441 2482 1596 2573 quia
1618 2494 1773 2548 sunt
1790 2477 2075 2566 inutilia,
2100 2494 2167 2548 et
2186 2503 2225 2546 a
2244 2479 2406 2548 fluc-

275 2586 454 2654 tibus
509 2584 700 2654 facile
755 2586 1248 2656 subvertuntur.
1303 2587 1573 2654 Aristot.
1623 2584 1811 2654 Polit.
1858 2584 1897 2652 l.
1948 2585 2082 2653 VII
2128 2611 2143 2652 :
2186 2587 2411 2656 Navis

260 2695 502 2787 palmi
523 2697 721 2760 unius
743 2716 838 2787 pt·
834 2715 1029 2760 orsus
1052 2714 1194 2758 non
1233 2717 1292 2758 et
1295 2697 1365 2760 ’it
1386 2696 1621 2760 navis·
1595 2744 1617 2777 ,
1658 2707 1733 2759 ιιι
1767 2714 1893 2758 nec
1930 2690 2213 2758 duorum
2250 2706 2404 2759 sta·-

275 2799 542 2868 diorum
583 2799 878 2892 aliqua:
919 2821 1090 2890 quta
1128 2798 1354 2866 altera
1380 2813 1677 2892 propter
1702 2799 2149 2891 parvitatem,
2178 2797 2405 2866 altera

259 2921 564 3000 propter
597 2903 1128 2999 magnetudc’nem
1169 2927 1436 2972 cursum
1484 2927 1605 2970 seu
1642 2905 2145 2995 navzlgatzbnem
2190 2907 2406 2997 impe-

277 3012 428 3080 dire
455 3012 649 3080 solet.
678 3009 808 3079 sed
835 3035 958 3078 nec
997 3011 1182 3093 satiS,
1217 3023 1294 3078 ut
1317 3034 1454 3077 non
1483 3011 1568 3078 sit
1592 3011 1913 3077 immensa
1936 3008 2153 3095 navis3
2178 3006 2408 3077 levitas

279 3118 686 3222 requiritur,
721 3142 856 3210 quo
894 3114 1084 3184 facile
1119 3113 1296 3185 flecti
1331 3129 1399 3184 et
1434 3117 1572 3209 regi
1610 3115 1832 3208 possit.
1880 3115 2077 3182 Initio
2114 3138 2405 3183 romanae

281 3247 488 3292 naves
505 3276 525 3310 ,
573 3224 804 3291 inscite
850 3221 1223 3290 fabrefactae
1243 3245 1502 3315 ,prope
1546 3219 1912 3290 immobiles
1952 3234 2161 3288 erant.
2206 3220 2405 3288 Unde

281 3354 385 3424 ap.
434 3330 581 3398 Liv.
618 3327 658 3396 l.
700 3330 1044 3416 XXXVI,
1087 3351 1142 3399 c.
1184 3325 1328 3412 43,
1364 3325 1795 3420 Polyxenidas
1826 3351 1893 3395 se
1930 3324 2249 3421 gloriatur
2274 3350 2407 3394 om-

281 3434 478 3504 nibus
526 3433 728 3504 rebus
769 3459 909 3504 esse
961 3434 1366 3527 superiorem
1387 3487 1406 3522 ,
1456 3448 1525 3501 et
1566 3435 1913 3502 celeritate
1967 3437 2255 3500 naviam.
2318 3434 2409 3500 At

282 3543 350 3610 in
383 3555 760 3636 posterum,
797 3537 958 3609 nihil
995 3541 1063 3606 in
1104 3537 1229 3608 hac
1265 3552 1452 3632 parte
1492 3537 1997 3608 desiderandum
2041 3539 2173 3606 suis
2213 3537 2406 3606 hosti-

281 3647 408 3715 bus
452 3645 878 3738 reliquerunt.
922 3643 1186 3732 FloruS‚
1216 3643 1386 3712 libro
1426 3647 1531 3730 ΙΙ,
1570 3669 1625 3713 c.
1672 3670 1711 3713 2
1745 3669 1760 3711 ε
1792 3647 2112 3714 Romana
2164 3645 2407 3710 cla-5512?

273 3769 638 3848 prompta,
687 3753 847 3820 levis
863 3806 886 3839 ,
934 3767 1007 3819 et
1038 3750 1338 3843 quodam
1376 3750 1578 3820 modo
1616 3755 1984 3818 camena-i.»⁶
2002 3803 2025 3837 ,
2070 3753 2170 3816 sic
2206 3753 2405 3816 remis

279 3865 492 3954 quasi
512 3857 802 3927 habenis
826 3856 1182 3952 agebatur.
1220 3855 1325 3924 Ad
1357 3855 1533 3924 hanc
1564 3854 1893 3926 levitatem
1924 3853 2407 3948 impetrandam

281 3968 570 4060 pertinet
613 3966 906 4035 materiae
960 3960 1270 4031 delectus.
1320 3963 1407 4030 Et
1457 3963 1746 4056 primum
1802 3959 1979 4055 ligna
2032 3961 2239 4054 spissa
2261 4013 2281 4047 ,
2329 3974 2409 4029 ut

282 4095 603 4165 quercus,
632 4094 768 4138 nux
797 4067 1091 4163 juglans,
1122 4066 1470 4162 rejicienda
1487 4077 1510 4155 ';
1555 4080 1622 4135 et
1650 4064 1775 4136 alia
1809 4090 1945 4135 non
1986 4066 2203 4136 subito
2242 4088 2408 4134 caesa
