3017 5042
604 470 742 537 DE
797 425 1461 540 GALLIARUM
1517 408 2014 541 nunnius.
2236 477 2378 561 442

164 680 171 687 ,
252 601 616 671 AEduorum
646 654 666 689 ,
724 600 815 667 ibi
858 624 1056 668 omen
1100 596 1449 694 sequentes
1493 599 1622 670 loci
1651 655 1670 689 ‚
1701 601 2060 671 condidere
2095 604 2338 673 urbem
2373 629 2390 671 τ

254 706 704 777 Mediolanum
744 704 1238 800 appellarunt.»
1753 724 1758 733 ·

356 816 462 883 Ex
497 814 630 882 hoc
672 812 847 881 Livii
879 812 1029 882 loco
1062 814 1380 907 sequitur,
1423 809 1841 883 Bellovesum
1885 828 1953 883 et
1991 813 2222 883 Gallos
2255 816 2402 907 jam·

166 957 177 965 ·
253 934 405 989 ante
417 920 859 989 Phocaeorum
874 918 1234 987 adventum
1254 918 1453 987 urbes
1471 918 1844 989 condidisse
1859 946 1879 1005 3
1901 914 2118 1014 neque
2131 922 2309 989 enim
2327 923 2394 989 in

255 1029 402 1121 ipso
414 1025 738 1112 adventu,
756 1049 836 1094 ac
858 1026 928 1093 in
942 1025 1225 1095 transitu
1232 1025 1421 1119 juxta
1440 1050 1652 1095 novos
1671 1025 2183 1095 Massiliensium
2200 1026 2404 1113 fines,

255 1134 540 1227 priscam
563 1130 829 1202 vivendi
851 1130 1399 1202 consuetudinem
1425 1146 1982 1222 commutassent,
2009 1134 2102 1201 ita
2121 1147 2194 1202 ut
2217 1157 2408 1203 nunc·

254 1238 455 1309 urbes
499 1236 954 1325 condiderint,
996 1239 1113 1332 qui
1160 1237 1363 1307 modo
1405 1262 1491 1306 ne
1531 1237 1864 1309 domicilia
1908 1238 2176 1333 quidem
2229 1264 2398 1309 con·
2476 1276 2478 1284 ·

248 1346 481 1439 juncta
502 1344 880 1413 habuerint.
901 1342 1353 1415 Nihilominus
1369 1344 1624 1437 profuit
1645 1344 1854 1415 Gallis
1876 1346 2200 1414 adventus
2221 1348 2408 1415 Mas«

138 1518 143 1523 .
256 1450 650 1536 siliensium,
674 1464 751 1517 ut
780 1449 1147 1520 secundum
1186 1452 1483 1545 Trogum
1508 1452 1901 1545 Pompeium
1933 1450 2229 1521 declarat
2253 1455 2290 1520 J
2293 1477 2400 1522 us-

257 1560 471 1626 tinus:
509 1586 543 1621 α
572 1556 676 1625 Ab
702 1556 808 1624 his
844 1557 1047 1650 igitur
1069 1554 1276 1643 Galli,
1312 1570 1381 1625 et
1414 1580 1611 1626 usum
1644 1558 1796 1627 vitae
1833 1557 2159 1645 cultioriS,
2196 1558 2401 1653 depo·

257 1666 382 1733 sita
411 1677 479 1732 et
519 1661 975 1734 mansuefacta
1010 1660 1349 1749 barbaria,
1378 1676 1447 1731 et
1484 1688 1806 1759 agrorum
1842 1662 2061 1735 cultus
2099 1677 2167 1733 et
2201 1666 2416 1735 urbes<

256 1770 587 1839 moenibus
636 1770 904 1863 cingere
944 1767 1349 1852 didicerunt3
1401 1782 1565 1840 tunc
1611 1784 1681 1839 et
1728 1768 1985 1865 legibus
2029 1795 2167 1839 non
2205 1773 2408 1840 armis

256 1877 520 1963 vivere,
561 1890 723 1943 tunc
759 1889 827 1943 et
860 1876 1063 1944 vitem
1105 1887 1377 1968 putare,
1406 1890 1568 1945 tunc
1605 1868 1848 1945 olivam
1883 1901 2102 1945 serere
2129 1901 2407 1946 consue-

258 1996 547 2052 verunt-z
578 1979 875 2075 adeoque
908 2004 1188 2075 magnus
1214 1995 1283 2049 et
1318 1982 1702 2051 hominibus
1733 1997 1801 2052 et
1837 1982 2035 2051 rebus
2060 1982 2414 2077 impositus

258 2104 362 2159 est
396 2089 607 2174 nitor,
650 2101 727 2156 ut
767 2112 903 2156 non
950 2088 1210 2156 Graecia
1235 2088 1305 2155 in
1335 2086 1625 2156 Galliam
1660 2089 2048 2183 emigrasse,
2091 2089 2206 2157 sed
2249 2086 2403 2158 Gal·

259 2195 347 2264 lia
372 2197 441 2263 in
460 2194 795 2264 Graeciam‘
812 2192 1131 2263 translata
1154 2192 1493 2263 videretur
1514 2224 1548 2261 »
1585 2187 1648 2284 (J
1651 2196 1852 2270 ustini
1877 2196 2049 2264 Hist.
2077 2219 2160 2263 ex
2181 2198 2410 2290 Trogo

257 2302 622 2395 Pompeio,
661 2298 771 2368 lib.
810 2324 1039 2388 xmu,
1080 2324 1223 2394 cap.
1270 2290 1385 2388 4).
1425 2302 1744 2370 Perhrevi
1769 2316 2072 2397 tempore
2106 2302 2418 2397 profecto

263 2406 483 2479 Gallia
518 2405 861 2475 meliorem
884 2408 953 2474 in
985 2420 1231 2475 statum
1251 2408 1462 2475 crevit
1475 2409 1836 2525 ,omnique
1865 2407 2083 2477 studio
2119 2408 2205 2476 ad
2234 2433 2406 2478 mer·
2441 2416 2450 2425 '

262 2529 567 2585 caturam
594 2512 928 2600 incubuit,
946 2526 1022 2581 ut
1048 2512 1191 2604 jam
1215 2512 1602 2581 Hannibal
1584 2538 1653 2581 ιη
1679 2514 2012 2607 Rhodano
2051 2512 2260 2583 multa
2288 2514 2410 2583 de-

262 2618 696 2717 prehenderit
730 2619 1011 2713 navigia.
1036 2616 1385 2712 Polybium
1414 2619 1757 2688 audiamus
1779 2600 2158 2713 loquentem
2197 2613 2304 2687 διὰ
2332 2622 2408 2688 τὸ

265 2734 405 2806 ταῖς
430 2730 500 2793 ἐκ
521 2736 632 2804 τῆς
652 2726 1011 2803 θαλάττης’
986 2723 1331 2819 εμπορείαις
1350 2726 1616 2811 πολλοὺς
1630 2726 1893 2820 χρῆσθαι
1919 2734 2042 2792 τῶν
2061 2730 2415 2818 παροικούν-

265 2860 393 2901 των
420 2833 531 2899 τὸν
565 2816 837 2899 Ροδανόν
878 2825 1067 2918 (Lib.
1100 2854 1211 2915 111,
1239 2856 1295 2899 ο.
1332 2823 1492 2919 42).
1527 2832 1712 2920 Quin
1754 2846 1822 2900 et
1853 2830 2058 2901 literae
2105 2856 2338 2926 graecae
2373 2858 2413 2900 a

266 2936 791 3009 Massiliensibus
814 2936 1030 3007 allatae
1051 2951 1236 3007 sunt:
1258 2936 1512 3006 multis
1493 2963 1564 3005 m
1578 2937 1739 3007 locis
1762 2952 2219 3007 memorantur
2237 2938 2418 3034 apud
2467 2975 2469 2978 ·

270 3050 638 3133 Caesarem,
659 3058 737 3112 ut
766 3043 973 3113 Gallis
996 3044 1251 3113 usitatae
1268 3097 1288 3131 ,
1307 3046 1641 3139 praecipue
1670 3046 1740 3111 in
1767 3043 2012 3132 lih.v1‚
2039 3040 2090 3129 S
2133 3070 2158 3115 1
2176 3048 2221 3130 4
2243 3100 2262 3131 ,
2299 3046 2414 3113 ubi

270 3168 497 3221 tamen
515 3154 973 3237 Hotmannus,
994 3151 1274 3221 Vossius
1304 3164 1371 3219 et
1399 3148 1692 3245 Scaliger
1724 3151 2003 3219 verbum
2022 3157 2275 3245 graeczls
2304 3152 2416 3221 de-

274 3258 546 3329 lendum
584 3282 919 3327 censuere.
962 3258 1091 3339 Sed
1117 3258 1256 3351 jam
1288 3281 1544 3351 graecus
1581 3258 1908 3352 interpres
1939 3258 2143 3327 habet
2182 3264 2418 3332 ἑλληνι-

270 3372 399 3444 κοῖς
445 3368 745 3459 χρώμενοι
788 3365 1159 3460 γράμμασιν.
1218 3364 1437 3433 Etiam
1489 3363 1573 3433 de
1619 3363 1940 3434 Helvetiis
1991 3366 2219 3434 Caesar
2271 3366 2363 3434 ait
2401 3389 2416 3432 τ

284 3503 317 3536 «
341 3470 613 3540 Tabulae
646 3485 925 3563 repertae
949 3486 1105 3539 sunt
1127 3470 1362 3541 litteris
1382 3472 1614 3567 graecis
1643 3471 1984 3541 confectae.
2005 3499 2040 3534 »
2061 3472 2248 3539 Inter
2274 3469 2425 3539 doc·

277 3593 382 3647 tos
401 3600 642 3673 magna
666 3578 1006 3646 contentio
1020 3591 1167 3645 orta
1185 3592 1287 3647 est
1302 3630 1321 3664 ,
1339 3592 1567 3646 utrum
1586 3578 1724 3671 Jam
1745 3592 1887 3646 tum
1911 3577 2230 3671 temporis
2255 3601 2418 3671 grae—

277 3710 426 3753 cam
474 3683 771 3779 linguam
814 3681 993 3752 Galli
1036 3681 1514 3771 intellexerint,
1547 3708 1632 3752 an
1675 3682 1929 3753 litteras
1964 3696 2224 3752 tantum
2262 3681 2422 3751 deli-

276 3792 541 3860 nearint
562 3789 603 3863 ¹.
651 3793 813 3859 Haec
858 3789 1049 3861 nobis
1093 3787 1285 3857 aliam
1332 3790 1782 3884 suppeditabit
1824 3789 2187 3859 disserendi
2218 3804 2428 3870 mate-3
2469 3803 2472 3806 '

368 4004 390 4037 1
439 3984 470 4035 J
476 3981 639 4035 udaels
664 3979 805 4034 idem
826 3982 997 4034 moris
1025 3994 1133 4047 est,
1160 3982 1283 4053 qui,
1307 3995 1369 4036 ut
1398 3983 1637 4054 pristinae
1660 3983 1882 4054 originis
1914 3980 2117 4053 aliquid
2136 3982 2432 4049 retineant,

278 4062 542 4117 hebraicis
577 4062 769 4115 litteris
798 4061 1011 4132 publica
1048 4063 1399 4117 instrumenta
1430 4076 1484 4116 et
1517 4060 1765 4143 epistolas
1793 4062 2032 4115 scribunt
2051 4063 2300 4145 quamvis
2336 4062 2439 4117 Ιιεὲῗ

279 4142 445 4200 braici
472 4140 729 4196 sermonis
752 4140 923 4212 ignari
946 4143 1067 4195 sint.
