3017 5042
671 420 816 492 288
1552 379 1913 484 INDE'X.

665 552 1004 647 temperie,
1035 572 1304 618 accessu
1336 561 1728 615 cunctarum
1759 548 2055 640 gentium
2088 545 2282 634 facili,
2309 546 2650 616 littoribus
2674 571 2812 642 por-

665 662 870 728 tuosis
886 712 906 747 ,
923 657 1213 751 benigno
1238 669 1592 722 ventorum
1622 653 1853 722 afflatu
1882 646 2151 742 (etenim
2183 654 2507 748 contingit
2538 680 2811 748 procur-

661 767 868 834 rentis
903 764 1143 858 positio
1180 764 1247 830 in
1288 773 1546 855 partem
1593 759 2004 828 utilissimam
2025 814 2043 847 ‚
2081 774 2146 828 et
2185 760 2358 828 inter
2390 775 2580 829 ortus
2622 786 2808 832 occa·

659 895 902 965 susque
937 869 1223 939 mediam
1249 859 1306 954 ),
1352 891 1673 960 aquarum
1720 867 1950 960 copia,
1987 891 2338 935 nemorum
2384 865 2810 956 salubritate,

659 980 986 1047 montium
1019 973 1341 1060 articulis,
1366 973 1664 1042 ferorum
1694 970 2077 1041 animalium
2105 974 2525 1062 innocentia,
2542 973 2673 1043 soli
2696 975 2810 1043 fer-

661 1085 927 1172 tilitate,
953 1080 1178 1178 pabuli
1201 1081 1521 1149 ubertate.
1546 1078 1888 1173 Quidquid
1918 1093 2051 1167 est,
2081 1105 2215 1174 quo
2245 1103 2471 1148 carere
2498 1082 2647 1148 vita
2678 1106 2809 1149 non

659 1191 935 1278 debeat,
979 1212 1306 1283 nusquam
1350 1200 1448 1255 est
1489 1188 1951 1282 praestantius3
1995 1185 2258 1280 fruges,
2301 1188 2531 1255 vinum
2553 1240 2575 1274 ,
2626 1185 2807 1276 olea,

659 1295 902 1366 vellera
921 1351 940 1384 ,
980 1295 1145 1381 lina,
1184 1307 1398 1363 vestes
1423 1347 1442 1380 ,
1473 1294 1760 1386 juvenci.
1799 1294 1905 1362 Ne
1940 1311 2152 1387 'equos
2189 1292 2454 1387 quidem
2493 1294 2565 1360 in
2607 1295 2806 1386 triga·

660 1407 769 1473 riis
810 1402 1107 1497 praeferri
1145 1399 1314 1468 ullos
1355 1399 1726 1468 vernaculis
1764 1398 2261 1487 animadvert03
2305 1397 2591 1468 metallis
2631 1402 2807 1487 auri,
2862 1419 2869 1426 ·

657 1513 915 1604 argenti
929 1517 964 1596 ,‘
985 1509 1164 1593 aeris,
1206 1506 1398 1593 ferri,
1444 1506 1760 1601 quamdiu
1798 1505 1988 1574 libuit
2030 1529 2371 1593 exercere,
2413 1504 2615 1574 nullis
2664 1530 2804 1575 ces-

657 1620 780 1701 sit3
821 1630 887 1684 et
922 1616 998 1682 iis
1042 1639 1219 1682 nunc
1257 1615 1325 1681 in
1370 1636 1438 1681 se
1477 1612 1786 1708 gravida,
1827 1637 1951 1714 pro
1986 1613 2164 1680 omni
2202 1612 2358 1682 dote
2396 1613 2619 1680 varios
2662 1637 2804 1682 suc-

583 1717 586 1719 *
656 1749 768 1792 cos
791 1775 809 1808 ,
846 1737 913 1790 et
950 1721 1218 1814 frugum
1260 1744 1747 1814 pomorumque
1792 1742 2059 1812 sapores
2104 1718 2338 1787 fundit.
2376 1748 2410 1782 >2
2462 1721 2625 1788 Haec
2668 1717 2799 1787 ille:

655 1829 823 1898 adde
862 1829 1000 1915 his,
1035 1829 1087 1896 si
1123 1825 1340 1913 lubet,
1381 1851 1529 1920 quae
1585 1824 1759 1892 idem
1803 1824 2038 1910 habet,
2100 1821 2207 1892 lib.
2254 1847 2335 1893 111
2364 1875 2382 1908 ‚
2425 1849 2481 1892 c.
2538 1820 2626 1910 55
2674 1828 2801 1894 Po-

655 1936 900 2031 lybius,
944 1957 1036 2022 113
1080 1935 1234 2002 item
1277 1934 1534 2018 Varro,
1576 1931 1661 1998 de
1696 1933 1797 1998 Re
1828 1931 2070 1998 rustica
2090 1984 2108 2016 ,
2146 1954 2207 2016 1,
2246 1955 2387 2025 cap.
2424 1957 2465 1998 α
2497 1957 2517 2020 3
2559 1933 2800 2000 Strabo

651 2043 772 2111 sub
817 2041 1018 2110 finem
1065 2039 1174 2107 lib.
1223 2061 1333 2126 vl3
1371 2052 1438 2106 et
1473 2036 1793 2131 Virgilius
1836 2038 2037 2104 variis
2081 2038 2147 2104 in
2194 2034 2370 2105 locis.

929 2204 990 2262 si
1025 2203 1238 2261 factum
1274 2212 1431 2258 certa
1465 2199 1746 2260 mundum
1780 2199 2005 2256 ratione
2036 2199 2315 2272 fatemur,

1009 2298 1444 2374 Consiliumque
1480 2296 1593 2356 Dei
1636 2295 1902 2356 machina
1936 2308 2093 2357 tanta
2128 2296 2272 2354 suit:

647 2451 858 2544 inquit
901 2447 982 2516 de
1017 2446 1145 2514 hac
1179 2442 1371 2512 Italia
1413 2442 1739 2531 Rutilius,
1778 2467 1850 2513 Π.

751 2576 832 2640 In
869 2569 1175 2639 undecim
1217 2568 1519 2660 regiones
1562 2567 1737 2635 hanc
1778 2566 2038 2653 divisit,
2080 2581 2243 2637 teste
2288 2567 2541 2658 Plinio,
2580 2573 2794 2641 Octa-

645 2682 877 2748 vianus
911 2679 1247 2770 Augustus
1277 2675 1673 2767 imperator3
1703 2673 1772 2739 in
1809 2673 2277 2768 septemdecim
2313 2678 2793 2748 Constantinus

643 2790 974 2880 Magnus,
1011 2796 1087 2850 ut
1120 2781 1324 2848 habet
1367 2781 1641 2848 Rubeus
1686 2780 1753 2846 in
1792 2804 1909 2848 sua
1950 2781 2437 2850 Ravennatium
2480 2784 2794 2873 historia,

643 2919 738 2979 ¹13
775 2889 1149 2960 octodecim
1185 2901 1407 2954 autem
1443 2885 1594 2980 lego
1638 2885 1816 2980 apud
1851 2887 2261 2977 Diaconum,
2290 2891 2789 2984 Longobardic.

641 3023 733 3086 Π,
778 3022 919 3090 cap.
973 3019 1011 3063 2
1034 3019 1058 3064 1
1097 3022 1115 3078 3
1159 2992 1336 3060 mille
1380 3007 1651 3061 centum
1696 3007 1764 3060 et
1804 2995 2165 3087 nonaginta
2207 3009 2459 3088 septem
2505 2998 2789 3066 urbibus

640 3103 984 3200 praeditam
1011 3116 1079 3169 et
1104 3113 1407 3168 ornatam
1435 3098 1635 3168 fuisse
1666 3097 2031 3168 auctor'est
2052 3099 2367 3170 AElianus.
2395 3109 2617 3196 Atque
2643 3105 2787 3174 haec

641 3225 740 3280 est
774 3209 884 3277 illa
919 3207 1144 3294 Italia,
1187 3230 1333 3299 quae
1355 3259 1374 3292 ,
1417 3207 1719 3274 nuntiato
1766 3204 2001 3299 gallico
2038 3207 2364 3296 tumultu,
2398 3212 2474 3276 L.
2515 3211 2787 3279 AEmilio

637 3316 879 3404 Paule,
909 3316 987 3383 C.
1020 3312 1219 3382 Atilio
1248 3310 1508 3406 Regulo
1548 3337 1715 3380 coss.
1734 3365 1753 3398 ,
1784 3311 1923 3380 sola
1952 3315 2091 3382 sine
2118 3315 2407 3385 externis
2437 3314 2589 3384 ullis
2609 3319 2785 3386 auxi·

637 3423 769 3512 liis,
800 3437 1004 3516 atque¹
1024 3421 1390 3488 etiamnum
1432 3418 1569 3486 sine
1605 3419 2123 3513 Transpadanis,
2150 3422 2447 3515 equitum
2476 3447 2780 3492 Lxxx.M.

636 3531 936 3626 peditum
965 3549 1202 3596 neom.
1236 3527 1536 3592 armavit.
1568 3523 1878 3618 Polybius
1910 3527 2001 3594 ait
2027 3525 2225 3622 hujus
2256 3529 2543 3622 regionis
2574 3553 2783 3598 arma-

635 3654 854 3708 torum
874 3686 894 3721 ,
924 3649 1226 3726 tempore
1257 3628 1638 3718 Annibalis,
1667 3656 2020 3700 numerum
2053 3631 2253 3702 fuisse
2286 3636 2524 3729 septies
2542 3651 2779 3704 cente-

632 3771 719 3814 na
754 3741 960 3810 millia
1001 3737 1298 3833 peditum
1320 3791 1339 3824 ,
1373 3752 1438 3804 et
1480 3739 1775 3831 equitum
1808 3739 1892 3807 ad
1929 3742 2345 3834 septuaginta
2383 3739 2601 3809 millia.

738 3846 993 3917 Insulas
1029 3844 1113 3911 ad
1142 3844 1318 3912 hanc
1349 3845 1755 3937 pertinentes
1782 3862 2267 3915 commemorat
2297 3846 2585 3930 Plinius,
2606 3850 2777 3916 Sici-

631 3957 818 4043 liam,
843 3952 1242 4039 Sardiniam,
1271 3951 1644 4037 Corsicam,
1673 3950 2025 4045 Oglosam,
2054 3939 2459 4037 Planariain‚
2495 3957 2772 4047 Urgon,

629 4063 1041 4156 Caprariam,
1068 4054 1400 4151 AEgilium,
1429 4059 1767 4147 Dianium,
1796 4061 2213 4146 Maenariam,
2240 4059 2775 4146 Columbariam,
