3017 5042
628 463 780 552 346
1509 463 1862 532 INDEX

627 597 989 694 Lepontios
1015 598 1299 668 Viberos
1319 650 1338 685 ,
1372 598 1441 664 in
1467 621 1702 666 aversa
1731 611 1921 690 parte
1954 595 2247 689 ejusdem
2277 596 2422 690 jugi
2463 598 2640 666 unde
2671 597 2776 667 de-

626 707 840 775 currit
859 704 1111 773 ssumen
1131 704 1429 772 Rhenus.
1454 702 1661 772 Alluit
1681 703 1970 772 vicissim
1995 702 2298 772 Sedunos
2311 756 2330 790 ‚
2345 705 2686 799 Veragros
2707 720 2776 773 et

625 815 1028 899 Nantuates,
1056 812 1189 879 hoc
1218 824 1351 898 est,
1387 805 1653 905 partem'
1678 809 1947 904 Alpium
1973 810 2421 878 Penninarum
2447 825 2515 878 et
2537 813 2775 880 Graia·

626 944 814 1006 rum3
838 917 991 986 dein
1003 916 1868 1011 AllobrogeS‚TrieastinOS‚
1889 931 2032 985 tum
2051 915 2138 984 ad
2162 917 2494 985 sinistram
2514 919 2778 1011 provin-

626 1028 797 1096 ciam
823 1048 1168 1094 romanam
1182 1078 1201 1111 ,
1231 1024 1501 1092 demum
1521 1022 1766 1092 Volca's
1787 1023 2251 1110 Arecomieos3
2279 1021 2458 1090 unde
2481 1048 2604 1117 per
2625 1049 2778 1118 qua·

623 1146 780 1200 tuor
804 1131 909 1200 vel
934 1133 1225 1225 quinque
1243 1130 1410 1200 ostia
1426 1130 1497 1198 in
1517 1154 1700 1198 mare
1724 1129 2290 1198 Mediterraneum
2309 1129 2546 1198 influit.
2569 1128 2780 1200 Alluit

622 1239 913 1308 vicissim
964 1240 1307 1307 Genevam
1334 1289 1354 1324 ‚
1398 1235 1806 1331 Lugdunum
1847 1237 2364 1332 Segusianorum
2380 1289 2400 1322 ‚
2443 1237 2777 1306 Viennam

621 1343 1064 1438 Allobrogum
1104 1357 1173 1412 et
1215 1342 1497 1412 Arelate.
1548 1344 1974 1437 Caeteroquin
2011 1344 2166 1411 satis
2207 1342 2518 1411 omnibus
2555 1355 2774 1413 notus.

733 1453 1040 1521 Rflonns
1083 1443 1209 1540 (B.
1247 1453 1326 1520 C.
1366 1448 1476 1517 lib.
1517 1474 1640 1537 111,
1689 1473 1836 1542 cap.
1876 1443 1966 1535 53
2006 1445 2218 1516 B..Al.
2275 1471 2304 1516 1
2331 1472 2393 1534 1,
2435 1441 2547 1538 3).
2593 1452 2780 1518 Inter

630 1554 758 1628 36⁰
794 1572 863 1627 et
902 1555 1030 1654 37⁰
1061 1555 1171 1626 lat.
1215 1552 1342 1627 25⁰
1378 1569 1447 1624 et
1482 1554 1606 1624 26⁰
1634 1555 1812 1650 long.
1846 1552 2076 1623 Insula
2113 1551 2544 1624 celeberrima
2575 1557 2778 1626 maris
2859 1607 2864 1614 ¹

623 1663 829 1758 AEgaei
849 1716 868 1751 ‚
912 1663 1103 1756 juxta
1143 1661 1411 1732 Cariam
1434 1715 1453 1750 ,
1494 1663 1668 1732 Asiae
1715 1662 1991 1730 minoris
2033 1674 2316 1755 partem.
2363 1663 2572 1729 Varia
2629 1687 2778 1732 sor-

624 1770 743 1838 tita
789 1783 891 1838 est
930 1770 1206 1838 nomina
1248 1794 1287 1837 a
1330 1769 1606 1838 diversis
1653 1767 1916 1864 populis
1961 1769 2075 1861 qui
2118 1791 2266 1836 eam
2310 1766 2776 1855 incoluerunt3

622 1901 781 1944 nam
826 1877 1067 1946 incerti
1104 1890 1262 1945 sunt
1298 1875 1498 1970 primi
1539 1875 1680 1970 ejus
1727 1872 1981 1944 incolae.
2033 1874 2386 1944 Probabile
2435 1888 2533 1944 est
2587 1901 2705 1945 eos
2743 1901 2779 1944 e

623 1985 828 2052 Creta
856 1983 1059 2052 fuisse
1088 1983 1409 2052 oriundos
1431 1983 1590 2050 :etsi
1616 1996 1841 2050 tamen
1865 1982 2088 2050 verius
2118 1981 2326 2050 videri
2357 1995 2579 2076 potest
2603 1982 2777 2052 hane

624 2088 911 2158 insulam
962 2090 1330 2158 continenti
1368 2090 1753 2184 propiorem
1790 2112 1830 2156 a
1873 2089 2084 2158 Cariis
2130 2102 2246 2157 aut
2292 2088 2378 2156 ab
2419 2087 2564 2157 aliis
2607 2090 2776 2159 Asiae

622 2195 887 2290 populis
921 2196 1359 2264 inhabitatam
1395 2197 1580 2289 prius
1611 2195 1831 2264 fuisse.
1864 2192 2131 2265 Nomen
2159 2195 2302 2287 ejus
2329 2195 2614 2264 Rhodos
2632 2250 2652 2284 ‚
2687 2197 2776 2264 si-

625 2301 948 2394 gnificans
976 2326 1207 2371 rosam
1223 2356 1245 2387 ‚
1279 2304 1339 2370 ei
1366 2317 1645 2396 propter
1687 2302 2126 2397 frequentiam
2163 2326 2468 2372 rosarum
2511 2302 2603 2371 ibi
2639 2327 2778 2371 nas-

624 2407 919 2476 centium
955 2408 1157 2478 fixisse
1182 2408 1413 2478 datum
1449 2409 1749 2478 credunt.
1783 2410 1945 2502 Ejus
1971 2407 2203 2478 incolae
2237 2411 2308 2480 in
2344 2423 2486 2478 arte
2511 2411 2777 2479 nautica

625 2513 812 2583 fuere
852 2541 1114 2609 semper
1156 2517 1478 2585 notissimi
1519 2531 1588 2584 et
1629 2517 2051 2610 peritissimi,
2087 2516 2290 2584 etiam
2333 2517 2403 2584 in
2443 2517 2772 2586 recentio-

625 2621 810 2692 ribus
843 2621 1095 2692 saeculis
1116 2676 1137 2710 ‚
1176 2623 1497 2717 quamdiu
1533 2624 1785 2716 equites
1831 2625 2056 2692 Sancti
2089 2624 2362 2694 Joannis
2407 2621 2777 2717 Hierosoly-

625 2730 856 2797 mitani
899 2751 1009 2798 eas
1051 2729 1240 2798 sedes
1282 2743 1644 2798 tenuerunt
1681 2753 1890 2823 usque
1931 2729 2016 2798 ad
2052 2753 2202 2798 ann.
2247 2729 2499 2799 Christi
2549 2726 2776 2814 1522,

624 2859 757 2928 quo
800 2850 1105 2929 tempore
1143 2835 1567 2905 Solimannus
1594 2838 1964 2904 Turcarum
1995 2837 2360 2930 imperator
2389 2836 2777 2905 Christianis

626 2940 945 3009 Rhodum
980 2942 1237 3036 eripuit.
1268 2944 1519 3011 Praeter
1562 2942 1796 3011 urbem
1834 2943 2038 3036 ipsius
2069 2943 2342 3011 nomine
2379 2941 2775 3038 appellatam

629 3046 979 3134 Rhodum,
1012 3072 1157 3141 quae
1187 3047 1457 3142 quidem
1488 3073 1724 3118 recens
1751 3063 1928 3137 erat,
1959 3063 2026 3118 et
2052 3047 2598 3143 Peloponnesiaci
2627 3047 2774 3117 belli

629 3154 1043 3247 temporibus
1081 3147 1201 3243 (cn
1238 3178 1389 3222 ann.
1430 3169 1586 3222 ante
1614 3147 1933 3242 Christ.)‚
1969 3156 2056 3224 ab
2097 3155 2336 3224 eodem
2379 3155 2773 3242 architecto,

628 3261 744 3353 qui
775 3261 1058 3328 Piraeum
1094 3261 1442 3348 instruxit,
1470 3260 1830 3348 aedificata,
1870 3259 2028 3346 alias
2064 3261 2358 3331 habebat
2389 3261 2590 3330 urbes
2621 3263 2772 3330 Lin-

629 3365 789 3434 dum
816 3421 835 3454 ‚
878 3368 1089 3435 Ixiam
1110 3421 1129 3454 ‚
1173 3365 1616 3461 Cordylusam
1640 3419 1660 3455 ‚
1704 3369 2118 3461 Mnasyrium
2140 3421 2159 3454 ‚
2202 3369 2547 3437 Camirum
2585 3382 2652 3436 et
2683 3371 2776 3436 Ia·

628 3471 863 3566 lysum.
913 3475 1019 3541 De
1054 3474 1219 3542 urbe
1256 3472 1503 3542 Rhodo
1545 3487 1613 3542 et
1653 3473 1738 3544 de
1780 3473 2060 3544 Rhodiis
2080 3527 2099 3562 ,
2142 3473 2294 3544 vide
2339 3475 2730 3544 Strabonem
2751 3528 2772 3560 ‚

627 3579 739 3648 lib.
776 3603 935 3667 ΧΠ,
969 3604 1122 3676 pag.
1160 3576 1315 3666 654
1354 3595 1423 3648 et
1457 3606 1634 3675 seqq.
1677 3581 1934 3650 Eodem
1976 3583 2246 3650 nomine
2280 3581 2482 3651 hodie
2518 3581 2775 3676 insigni-

632 3701 743 3755 tur
778 3684 993 3756 insula
1032 3687 1348 3774 Rhodus,
1386 3702 1454 3755 et
1495 3701 1596 3757 est
1631 3712 1786 3781 pars
1827 3689 2092 3758 Turcici
2133 3689 2397 3782 imperii
2431 3689 2502 3756 in
2534 3688 2701 3756 Asia.

739 3795 964 3862 Rom
1000 3785 1115 3883 (B.
1153 3796 1235 3863 G.
1276 3791 1385 3862 lib.
1420 3818 1493 3862 v1
1516 3849 1536 3882 ‚
1566 3819 1709 3889 cap.
1755 3819 1781 3864 1
1808 3819 1835 3863 1
1875 3809 1944 3864 et
1973 3793 2129 3863 alibi
2156 3786 2475 3889 passim).
2511 3793 2639 3880 4ῇιο
2665 3791 2770 3861 lat.

640 3924 730 3970 10
781 3898 958 3993 long.
1013 3903 1328 3970 Gentium
1373 3899 1658 3970 domina
1680 3953 1702 3986 ,
1750 3903 1948 3970 Unus
1990 3925 2029 3970 a
2080 3902 2405 3970 Romanis
2448 3925 2620 3996 saepe
2657 3923 2771 3968 sae-

632 4009 779 4100 pius
819 4021 1236 4101 nuncupata,
1272 4011 1459 4101 quasi
1488 4033 1637 4102 quae
1680 4022 1853 4078 esset
1896 4007 2036 4078 sola
2077 4023 2145 4077 et
2185 4009 2403 4102 prima
2437 4009 2610 4076 inter
2633 4029 2772 4076 om-

542 4153 555 4160 ·
632 4139 767 4182 neS.
805 4115 1091 4184 Romam
1128 4114 1433 4184 nonnulli
1468 4117 1858 4216 scriptores,
1902 4117 2076 4185 inter
2117 4140 2287 4210 quos
2329 4114 2632 4186 Caecih'us
2669 4135 2768 4180 re-

2974 4103 2977 4168 l

2969 4201 2977 4226 <
