3017 5042
652 431 801 515 402
1552 428 1901 497 1NDEx

647 586 775 654 que
828 559 912 627 ad
970 557 1308 652 Lingones
1340 610 1360 644 ‚
1404 557 1807 653 brachiaque
1852 556 2048 652 louge
2104 555 2367 651 lateque
2417 559 2801 633 diffundens

648 692 771 761 per
802 665 1342 737 Mediomatricos
1365 718 1384 751 ,
1421 668 1683 735 Leucos
1702 719 1723 753 ‚
1774 667 2115 759 Sequanos
2160 678 2359 759 atque
2408 667 2759 761 Lingonas
2778 724 2797 756 ‚

651 772 809 842 alibi
837 767 1238 842 convallium
1281 786 1350 839 et
1389 773 1783 865 perennium
1826 794 2149 865 aquarum
2189 773 2601 861 amoenitate,
2640 772 2807 845 alibi

651 877 1070 973 sylvestrium
1132 879 1551 948 cacuminum
1604 874 1949 949 altitudine
2002 876 2407 972 spectabilis,
2464 880 2677 951 immo
2746 896 2808 951 et

650 1000 940 1079 quatuor
983 986 1426 1058 maximorum
1479 983 1829 1055 fluminum
1852 1038 1871 1070 ‚
1921 986 2251 1059 Matronae
2273 1036 2293 1071 ‚
2338 986 2546 1055 Mosae
2566 1039 2589 1073 ,
2644 988 2807 1057 Mo-

651 1089 824 1167 sellae
840 1146 861 1180 ‚
891 1105 1095 1186 atque⁴
1114 1093 1342 1165 Araris
1363 1105 1572 1185 pater.
1590 1094 1899 1185 Vogesus
1916 1115 2140 1176 mons,
2166 1115 2375 1185 quem
2394 1094 2809 1163 recentiores

647 1199 1064 1294 transpositis
1089 1197 1340 1267 litteris
1381 1212 1628 1267 vocant
1663 1201 2007 1292 Vosegum
2028 1250 2047 1285 ‚
2094 1221 2213 1269 seu
2246 1200 2633 1291 Vosagum,
2688 1224 2808 1295 pa-

648 1306 829 1374 tebat
861 1306 930 1373 in
958 1303 1441 1399 longitudinem
1471 1302 1623 1399 plus
1670 1326 1920 1375 cxxxn
1968 1302 2129 1373 mill.
2176 1327 2348 1397 pass.
2392 1303 2606 1373 Hodie
2648 1330 2811 1400 pars

647 1427 908 1480 tantum
930 1461 948 1496 ‚
993 1436 1142 1505 quae
1191 1426 1455 1506 separat
1501 1410 2006 1505 Lotharingiam
2046 1410 2133 1483 ab
2168 1408 2417 1485 Alsatia
2434 1462 2455 1495 ,
2506 1415 2813 1483 servavit

647 1542 892 1588 nomen
944 1516 1219 1587 latinum
1240 1571 1259 1604 ,
1319 1516 1437 1587 sed
1491 1531 1923 1611 corruptum,
1973 1530 2041 1585 et
2090 1531 2370 1590 vocatur
2414 1518 2486 1587 la
2520 1522 2594 1587 V
2588 1544 2805 1613 osge,

644 1621 752 1693 vel
802 1626 900 1693 les
943 1628 1018 1693 V
1007 1648 1208 1719 osges
1221 1649 1247 1710 ;
1309 1638 1563 1697 caeterae
1608 1624 1754 1718 ejus
1788 1638 2011 1718 partes
2053 1622 2313 1697 diversa
2349 1624 2605 1693 sortitae
2658 1641 2814 1695 sunt

647 1755 936 1799 nomina.

757 1841 1020 1913 VoLcAE
1066 1838 1470 1907 AREcomm
1507 1828 1621 1923 (B.
1663 1838 1745 1906 G.
1794 1834 1903 1903 lib.
1945 1859 2047 1905 vn
2073 1890 2093 1921 ‚
2130 1860 2276 1931 cap..
2320 1860 2387 1931 7,
2417 1833 2564 1921 643
2616 1841 2701 1909 B.
2744 1842 2811 1909 C.

521 2016 540 2027 ,
649 1942 758 2012 lib.
787 1969 846 2030 1,
879 1969 1021 2037 cap.
1049 1934 1214 2031 35).
1246 1945 1433 2011 Inter
1462 1939 1685 2027 [ὤθεε
1719 1940 1848 2027 44⁰
1871 1940 1981 2010 lat.
2025 1941 2177 2012 1⁰et
2204 1940 2475 2037 2⁰long.
2506 1944 2817 2037 Populus

649 2048 881 2121 Galliae
916 2050 1319 2137 Provinciae,
1355 2073 1436 2117 ex
1473 2046 1709 2119 eadem
1748 2046 1999 2120 familia
2029 2072 2187 2117 sane
2215 2073 2351 2143 qua
2373 2047 2620 2119 Volcae
2650 2052 2815 2121 Tec-

648 2173 910 2251 tosages
930 2210 950 2241 ,
987 2156 1071 2225 de
1111 2156 1350 2249 quibus
1387 2154 1539 2223 vide
1582 2168 1811 2226 notam
1857 2169 2262 2249 sequentem.
2304 2154 2617 2228 Alteram
2668 2182 2815 2251 par·

647 2278 784 2333 tem
825 2263 1192 2331 Provinciae
1231 2261 1681 2331 Narbonensis
1717 2262 2174 2355 occupabant,
2210 2262 2371 2335 dum
2398 2265 2815 2359 Tectosages

649 2370 935 2463 primam
977 2392 992 2435 t
1028 2368 1133 2437 his
1172 2366 1415 2437 Tolosa
1449 2381 1653 2464 caput
1690 2381 1873 2454 erat,
1908 2366 2035 2437 illis
2076 2370 2452 2441 Nemausus
2494 2368 2813 2439 Colonia.

649 2466 1030 2569 Antiquitas
1052 2474 1365 2543 videntur
1375 2476 1754 2544 Arecomici
1773 2488 2125 2569 utramque
2135 2476 2449 2545 Rhodani
2472 2475 2817 2545 inferioris

651 2596 909 2677 partem
934 2581 1258 2668 tenuisse;
1281 2605 1440 2649 nam
1462 2584 1537 2649 T.
1551 2582 1810 2668 Livius,
1834 2580 1875 2651 l.
1896 2582 2049 2670 xxi,
2073 2584 2167 2651 26
2181 2635 2201 2670 ,
2224 2584 2316 2652 ait
2336 2581 2421 2650 de
2439 2583 2812 2655 Annibale:

661 2688 966 2762 Tandem
1005 2692 1077 2757 in
1113 2688 1486 2759 Volcarum
1518 2680 2149 2777 (Arecomicorum)
2182 2693 2499 2783 pervenit
2527 2713 2813 2783 agnam,

646 2800 873 2889 gentis
897 2794 1203 2880 validae3
1241 2794 1472 2863 colunt
1507 2809 1741 2862 autem
1774 2800 1965 2864 czrca
1988 2810 2347 2889 atramque
2374 2800 2613 2891 ripam
2638 2798 2821 2865 Rho-

651 2902 840 2970 dani.
880 2900 1083 2988 Quod
1125 2898 1481 2969 confirmat
1528 2902 1754 2970 Caesar
1778 2953 1798 2987 ‚
1846 2900 2071 2970 dicens
2092 2955 2113 2989 ‚
2142 2905 2215 2970 B.
2255 2902 2333 2970 C.
2379 2901 2495 2971 lib.
2545 2926 2573 2970 1
2598 2956 2617 2989 ,
2658 2907 2816 2998 cap.

660 3004 749 3076 35
774 3059 793 3094 ‚
828 3004 911 3074 de
942 3006 1464 3075 Massiliensibus
1495 3031 1510 3072 :
1550 3009 1851 3098 Quorum
1896 3008 2079 3076 alter
2104 3001 2354 3096 (scilic.
2393 3001 2819 3102 Pompeius)

655 3136 866 3207 agros
895 3114 1274 3197 Volcarum
1303 3116 1859 3182 Arecomicorum
1900 3130 1973 3181 et
1995 3114 2391 3185 Helviorum
2406 3113 2715 3209 publice
2738 3121 2825 3183 iis

653 3223 1100 3305 concesserit,
1139 3234 1264 3289 etc.
1291 3246 1318 3303 ,·
1360 3218 1544 3313 quod
1583 3243 1719 3293 non
1757 3218 1947 3290 facile
1990 3220 2205 3313 accipi
2244 3234 2467 3314 potest
2488 3273 2511 3305 ,
2550 3221 2693 3289 nisi
2736 3221 2821 3289 de

655 3326 828 3419 agris
865 3326 1412 3395 Arecomicorum
1473 3350 1619 3420 quae
1677 3340 1868 3395 erant
1915 3325 2089 3395 ultra
2132 3326 2545 3399 Rhoda-num
2590 3329 2713 3395 siti
2756 3342 2824 3396 et

660 3432 853 3501 vicini
886 3430 1398 3502 Massiliensium
1417 3484 1436 3515 ,
1473 3432 1591 3501 ubi
1630 3456 1811 3503 nunc
1847 3447 1948 3503 est
1981 3432 2248 3503 Arelate
2284 3448 2353 3503 et
2390 3434 2819 3503 territorium

657 3539 814 3631 ejus.
858 3536 1088 3609 Volcae
1129 3539 1501 3621 Arecomici
1546 3540 1717 3612 inter
1753 3539 2037 3634 populos
2080 3538 2325 3610 liberos
2366 3563 2447 3608 ac
2490 3541 2596 3609 sui
2643 3540 2825 3634 juris

559 3642 580 3653 ’
657 3658 879 3727 erant3
907 3658 974 3713 et
993 3697 1012 3731 ‚
1035 3659 1111 3713 ut
1136 3658 1414 3739 apparet
1440 3646 1640 3715 etiam
1677 3645 2087 3739 temporibus
2114 3647 2428 3732 Caesaris,
2455 3669 2498 3714 a
2526 3671 2667 3741 pro
2678 3649 2823 3717 vin-

657 3752 760 3820 cia
785 3750 1107 3837 distincti,
1131 3775 1332 3843 quam
1359 3748 1745 3821 dividebant
1767 3752 2058 3824 mediam
2087 3754 2156 3819 in
2188 3752 2353 3823 duas
2378 3761 2659 3847 partes3
2694 3756 2827 3823 sci·

656 3856 809 3925 licet
837 3880 990 3949 pars
1017 3871 1209 3924 erant
1230 3858 1595 3931 Provinciae
1621 3859 1715 3929 cis
1732 3858 2133 3927 Rhodanum
2148 3911 2169 3947 ,
2192 3858 2383 3952 cujus
2408 3858 2829 3955 metropolis
2948 3874 2951 3883 '

658 3964 916 4032 Vienna
947 3961 1380 4058 Allobrogum
1403 4017 1422 4049 ‚
1453 3978 1519 4032 et
1555 3962 1761 4035 altera
1798 3980 1981 4035 trans
2012 3964 2421 4037 Rhodanum
2450 3980 2613 4059 post
2652 3970 2825 4035 Are-

657 4070 946 4137 comicos
973 4124 992 4157 ‚
1055 4094 1262 4163 usque
1305 4070 1388 4139 ad
1434 4073 1779 4164 Pyrenaeos
1818 4088 2122 4160 ·monteS‚
2172 4072 2366 4165 cujus
2414 4072 2831 4167 metropolis
