3017 5042
623 423 772 517 398
1507 422 1859 491 INDEX

621 556 1110 641 mandatorum,
1155 554 1341 623 sedes
1371 554 1796 649 episcopalis,
1834 580 1983 649 quae
2010 560 2441 653 postmodum
2461 617 2480 650 ‚
2520 590 2646 658 qua
2678 567 2759 633 de

621 685 820 735 causa
851 664 1177 747 nescitur,
1207 660 1527 731 translata
1554 662 1681 731 fuit
1710 664 2226 760 Noviomagum.
2260 670 2473 739 Porro
2502 672 2761 741 minime

623 770 904 840 dubium
947 768 1210 841 videtur
1251 770 1414 862 quin
1459 770 1731 863 antiqua
1765 769 2095 863 Augusta
2130 777 2761 848 Veromandaorum

624 880 706 946 sit
733 876 894 945 urbs
927 900 1077 970 quoe
1098 898 1290 965 ‘nunc
1311 874 1557 945 dieitur
1592 878 2128 968 sant-&cenem
2153 908 2179 964 ‚·
2208 895 2408 951 testes
2446 902 2603 954 sunt
2630 909 2765 980 pas-

622 986 722 1053 sio
763 982 939 1051 beati
979 983 1285 1071 Quintini
1323 980 1541 1051 levitae
1564 996 1634 1050 et
1667 986 1975 1077 martyris
1996 1038 2015 1071 ‚
2044 987 2430 1081 Sigebertus
2459 995 2529 1059 in
2566 993 2768 1061 Chro-

622 1093 812 1176 nice,
853 1088 1141 1161 Annales
1179 1089 1537 1157 Bertiniani
1566 1104 1635 1156 et
1658 1091 2024 1183 Gregorius
2054 1096 2496 1184 TuronensiS‚
2527 1102 2644 1193 qui
2672 1123 2767 1168 ex·

621 1221 847 1292 presse
895 1198 986 1263 ait
1024 1221 1038 1262 τ
1085 1194 1312 1291 Apud
1349 1197 1425 1263 V
1415 1194 1897 1265 irmandzoense
1941 1200 2267 1297 oppidum
2326 1206 2713 1275 Galliarum
2742 1260 2761 1289 ‚

629 1294 992 1395 Quintillus
1027 1317 1293 1395 mat-cyr
1318 1305 1658 1395 quiescit3
1692 1300 1802 1371 alii
1828 1329 2061 1375 omnes
2096 1322 2166 1376 et
2200 1310 2268 1376 in
2305 1312 2611 1405 Augusta
2641 1317 2767 1383 Ve-

499 1408 518 1416 ”
624 1406 1147 1479 romanduorum
1170 1408 1469 1501 martyrii
1493 1408 1773 1503 gloriam
1793 1414 2149 1507 accepisse,
2170 1430 2240 1483 et
2256 1416 2506 1487 ibidem
2526 1444 2769 1515 corpus

623 1514 765 1609 ejus
801 1515 886 1583 ab
923 1515 1240 1603 Eusebia,
1271 1512 1634 1583 venerabili
1664 1530 2007 1605 matrona,
2036 1536 2373 1615 repertum
2416 1542 2578 1620 post
2598 1530 2767 1621 Ago·

621 1646 774 1691 nem
798 1677 817 1710 ,
854 1646 1030 1691 anno
1065 1624 1213 1709 LV,
1237 1627 1308 1689 in
1335 1626 1685 1716 supet-zore
1720 1624 1872 1693 loco
1900 1631 2257 1699 eminentis
2280 1633 2553 1726 oppidi,
2588 1636 2776 1728 quod

623 1731 786 1798 olim
817 1731 1148 1824 Augusta
1189 1732 1266 1798 V
1255 1728 1827 1799 emmandaorum
1877 1733 2269 1803 vocabatur
2302 1740 2769 1826 collocatum,-

621 1836 800 1905 unde
821 1860 1162 1931 nunquam
1187 1834 1318 1903 alio
1345 1834 1741 1903 translatum
1764 1852 1898 1924 est,
1926 1855 1995 1908 et
2022 1841 2137 1909 ubi
2159 1866 2430 1939 semper
2464 1848 2771 1943 religiose

623 1958 957 2013 servatum
1000 1941 1260 2012 colitur.
1298 1940 1753 2013 Nihilominus
1801 1944 2153 2017 Cluverius
2201 1952 2410 2020 Notit.
2448 1956 2769 2024 German.

621 2052 775 2119 Ant.
823 2050 1128 2118 Moretus
1177 2064 1244 2117 et
1273 2050 1576 2117 Samson
1622 2052 2092 2122 contradicunt
2112 2109 2133 2143 ‚
2180 2071 2249 2124 et
2282 2060 2604 2153 Augusta}
2636 2066 2772 2133 Ve-

617 2155 1148 2226 romanduorum
1175 2158 1376 2225 situm
1411 2173 1786 2250 agnoscunt
1811 2161 1880 2227 in
1916 2160 2190 2255 ignobili
2229 2166 2377 2233 vieo
2409 2192 2451 2235 a
2478 2170 2773 2240 Sancto·

617 2265 948 2352 Quintino
969 2286 1018 2331 v
1047 2260 1207 2332 mill,
1239 2258 1557 2350 distante,
1576 2276 1645 2331 et
1666 2266 1938 2336 nomine
1958 2270 2031 2337 V
2025 2270 2319 2339 eet-mand
2322 2325 2341 2355 ,
2370 2272 2639 2371 decepti
2672 2302 2773 2346 sa-

618 2395 702 2439 ne
741 2370 1236 2465 propinquitate
1277 2367 1577 2437 locorum
1623 2384 1690 2437 et
1740 2370 2162 2444 similitudine
2200 2380 2549 2449 nominum
2581 2409 2600 2469 3
2658 2384 2775 2452 sed

614 2502 756 2550 non
795 2476 1116 2571 probant,
1161 2490 1228 2544 et
1271 2478 1698 2545 auctoritates
1732 2504 1935 2574 supra
1976 2483 2208 2551 citatas
2244 2502 2545 2556 evertere
2583 2514 2774 2559 nun-

606 2606 814 2679 quam
857 2597 1240 2679 potuerunt.

723 2693 1104 2761 VETTONES
1133 2682 1258 2777 (B.
1291 2691 1367 2758 C.
1405 2686 1514 2756 lib.
1550 2712 1606 2777 1,
1636 2712 1783 2786 cap.
1821 2686 1987 2781 38).
2021 2698 2209 2764 Inter
2238 2695 2364 2791 39⁰
2392 2716 2459 2769 et
2490 2704 2538 2787 4
2557 2727 2578 2771 1
2600 2702 2631 2725 ⁰
2663 2704 2774 2773 lat.

617 2798 694 2870 8⁰
729 2813 797 2866 et
831 2796 908 2892 9⁰
943 2822 1084 2866 occ.
1125 2796 1358 2890 longit.
1405 2798 1655 2865 Potens
1697 2800 2029 2893 Hispaniae
2065 2800 2399 2875 ulterioris
2437 2810 2777 2902 populus,

615 2909 790 2976 inter
819 2904 1096 2972 flumina
1127 2904 1419 2971 Durium
1451 2917 1519 2971 et
1544 2904 1802 2999 Tagum
1840 2908 2023 2975 situs.
2058 2908 2449 2981 Ptolemaeus
2486 2930 2555 2983 et
2592 2919 2780 2986 Stra-

613 3013 704 3081 bo
734 3033 847 3079 eos
885 3011 1242 3079 Lusitaniae
1269 3008 1687 3095 attribuunt3
1725 3013 1967 3081 strabo
2004 3017 2201 3083 etiam
2236 3042 2353 3087 eos
2377 3022 2551 3089 inter
2580 3026 2780 3093 nobi·

612 3118 708 3194 les
731 3131 983 3211 genteS‚
1000 3118 1767 3211 Carpetan08‚Vaccaeos
1790 3134 1857 3186 et
1880 3118 2206 3192 Callaicos
2225 3128 2543 3197 nominat.
2568 3132 2777 3201 Idem

609 3227 696 3295 de
738 3227 816 3292 iis
853 3224 1158 3315 jocosam
1193 3223 1368 3291 hanc
1412 3222 1755 3293 historiam
1797 3224 2017 3294 refert.
2071 3230 2229 3317 Quo
2269 3246 2573 3327 tempore
2628 3243 2778 3333 pri-

612 3356 798 3402 mum
841 3332 909 3397 in
948 3330 1407 3398 Romanorum
1455 3344 1850 3425 potestatem
1890 3351 2219 3405 venerunt
2238 3391 2257 3423 ‚
2300 3350 2507 3431 quum
2549 3368 2779 3436 quos·-

611 3440 768 3511 dam
801 3438 1221 3507 centuriones
1251 3434 1559 3507 viderent
1596 3437 2066 3510 deambulandi
2100 3466 2299 3513 eausa
2328 3447 2501 3515 viam
2534 3448 2683 3520 hac
2714 3453 2782 3521 il-

614 3548 718 3620 la'c
761 3546 1065 3625 flectere,
1093 3544 1342 3637 opinati
1377 3544 1703 3615 Vettones
1732 3547 2019 3615 insanire
2051 3550 2392 3647 Romanos
2414 3606 2433 3638 ‚
2454 3554 2681 3628 duces
2712 3586 2779 3629 se

614 3657 707 3724 eis
725 3652 810 3721 ad
827 3648 1256 3719 tabernacula
1277 3648 1739 3742 praebuerunt:
1768 3652 2099 3745 putabant
2126 3658 2301 3725 enim
2326 3676 2443 3728 aut
2460 3662 2529 3728 in
2550 3665 2781 3735 taber-

615 3758 856 3835 naculo
885 3759 1106 3853 quiete
1136 3756 1499 3824 sedendum
1518 3810 1536 3839 ‚
1574 3772 1690 3826 aut
1722 3761 2159 3852 pugnandum
2192 3786 2355 3833 esse.
2386 3769 2775 3841 Vettonum

615 3867 871 3963 regioni
906 3862 1310 3959 respondent
1344 3886 1526 3930 nunc
1562 3888 1715 3957 pars
1760 3864 1978 3959 aliqua
2004 3870 2497 3942 Estramadurae
2528 3892 2608 3944 et
2644 3903 2780 3947 ma·

571 4049 578 4053 ,
615 3980 791 4053 xima
835 3973 1024 4066 regni
1052 3969 1216 4065 xdieti
1249 3970 1336 4038 de
1371 3960 1578 4038 Leon.
1742 3980 1750 3985 “
2042 4034 2049 4048 ι

723 4083 1088 4155 Vnsoutrm
1128 4070 1242 4164 (B.
1279 4080 1361 4146 G,
1397 4074 1436 4144 l.
1473 4100 1521 4165 1,
1552 4102 1607 4148 c,
1654 4075 1785 4165 38,
1819 4075 1919 4175 39
1938 4071 1982 4165 ).
2029 4080 2157 4176 [37⁰
2187 4081 2229 4171 ξ
2258 4083 2369 4155 lat.
2406 4076 2551 4179 3⁰}
2588 4090 2773 4187 long,
